\documentclass[twocolumn]{aastex631}

\usepackage{amsmath}
\usepackage{multirow}
\usepackage{natbib}
\usepackage{graphicx} 
\usepackage{aas_macros}

\begin{document}



@misc{robles2022deeplearningapproachhalo,
      title={A deep learning approach to halo merger tree construction}, 
      author={Sandra Robles and Jonathan S. Gómez and Adín Ramírez Rivera and Nelson D. Padilla and Diego Dujovne},
      year={2022},
      eprint={2205.15988},
      archivePrefix={arXiv},
      primaryClass={astro-ph.GA},
      doi={https://doi.org/10.1093/mnras/stac1569},
      url={https://arxiv.org/abs/2205.15988}, 
}

@misc{jespersen2022textttmangrovelearninggalaxyproperties,
      title={$\texttt{Mangrove}$: Learning Galaxy Properties from Merger Trees}, 
      author={Christian Kragh Jespersen and Miles Cranmer and Peter Melchior and Shirley Ho and Rachel S. Somerville and Austen Gabrielpillai},
      year={2022},
      eprint={2210.13473},
      archivePrefix={arXiv},
      primaryClass={astro-ph.GA},
      doi={https://doi.org/10.3847/1538-4357/ac9b18},
      url={https://arxiv.org/abs/2210.13473}, 
}

@misc{geda2025constructingmergertreesdensity,
      title={Constructing Merger Trees of Density Peaks Using Phase-Space Watershed Segmentation Algorithm}, 
      author={Robel Geda and Romain Teyssier},
      year={2025},
      eprint={2501.08399},
      archivePrefix={arXiv},
      primaryClass={astro-ph.GA},
      doi={https://doi.org/10.1093/mnras/staf016},
      url={https://arxiv.org/abs/2501.08399}, 
}

@misc{jung2024mergertreebasedgalaxymatching,
      title={Merger Tree-based Galaxy Matching: A Comparative Study Across Different Resolutions}, 
      author={Minyong Jung and Ji-hoon Kim and Boon Kiat Oh and Sungwook E. Hong and Jaehyun Lee and Juhan Kim},
      year={2024},
      eprint={2312.02466},
      archivePrefix={arXiv},
      primaryClass={astro-ph.GA},
      doi={https://doi.org/10.3847/1538-4357/ad34d1},
      url={https://arxiv.org/abs/2312.02466}, 
}

@misc{parkinson2007generatingdarkmatterhalo,
      title={Generating Dark Matter Halo Merger Trees}, 
      author={Hannah Parkinson and Shaun Cole and John Helly},
      year={2007},
      eprint={0708.1382},
      archivePrefix={arXiv},
      primaryClass={astro-ph},
      doi={https://doi.org/10.1111/j.1365-2966.2007.12517.x},
      url={https://arxiv.org/abs/0708.1382}, 
}

@misc{nadler2023growinggalaxiesmergertrees,
      title={Growing the First Galaxies' Merger Trees}, 
      author={Ethan O. Nadler and Andrew Benson and Trey Driskell and Xiaolong Du and Vera Gluscevic},
      year={2023},
      eprint={2212.08584},
      archivePrefix={arXiv},
      primaryClass={astro-ph.GA},
      doi={https://doi.org/10.1093/mnras/stad666},
      url={https://arxiv.org/abs/2212.08584}, 
}

@misc{jung2024mergertreebasedgalaxymatching,
      title={Merger Tree-based Galaxy Matching: A Comparative Study Across Different Resolutions}, 
      author={Minyong Jung and Ji-hoon Kim and Boon Kiat Oh and Sungwook E. Hong and Jaehyun Lee and Juhan Kim},
      year={2024},
      eprint={2312.02466},
      archivePrefix={arXiv},
      primaryClass={astro-ph.GA},
      doi={https://doi.org/10.3847/1538-4357/ad34d1},
      url={https://arxiv.org/abs/2312.02466}, 
}

@misc{chandrogómez2025accuracydarkmatterhalo,
      title={On the accuracy of dark matter halo merger trees and the consequences for semi-analytic models of galaxy formation}, 
      author={Ángel Chandro-Gómez and Claudia del P. Lagos and Chris Power and Victor J. Forouhar Moreno and John C. Helly and Cedric G. Lacey and Robert J. McGibbon and Matthieu Schaller and Joop Schaye},
      year={2025},
      eprint={2501.07677},
      archivePrefix={arXiv},
      primaryClass={astro-ph.GA},
      doi={https://doi.org/10.1093/mnras/staf519},
      url={https://arxiv.org/abs/2501.07677}, 
}

@misc{geda2025constructingmergertreesdensity,
      title={Constructing Merger Trees of Density Peaks Using Phase-Space Watershed Segmentation Algorithm}, 
      author={Robel Geda and Romain Teyssier},
      year={2025},
      eprint={2501.08399},
      archivePrefix={arXiv},
      primaryClass={astro-ph.GA},
      doi={https://doi.org/10.1093/mnras/staf016},
      url={https://arxiv.org/abs/2501.08399}, 
}

@misc{bose2022constructinghighfidelityhalomerger,
      title={Constructing high-fidelity halo merger trees in AbacusSummit}, 
      author={Sownak Bose and Daniel J. Eisenstein and Boryana Hadzhiyska and Lehman H. Garrison and Sihan Yuan},
      year={2022},
      eprint={2110.11409},
      archivePrefix={arXiv},
      primaryClass={astro-ph.CO},
      doi={https://doi.org/10.1093/mnras/stac555},
      url={https://arxiv.org/abs/2110.11409}, 
}

\end{document}
                