\documentclass[twocolumn]{aastex631}

\usepackage{amsmath}
\usepackage{multirow}
\usepackage{natbib}
\usepackage{graphicx} 
\usepackage{aas_macros}

\begin{document}



@misc{robles2022deeplearningapproachhalo,
      title={A deep learning approach to halo merger tree construction}, 
      author={Sandra Robles and Jonathan S. Gómez and Adín Ramírez Rivera and Nelson D. Padilla and Diego Dujovne},
      year={2022},
      eprint={2205.15988},
      archivePrefix={arXiv},
      primaryClass={astro-ph.GA},
      doi={https://doi.org/10.1093/mnras/stac1569},
      url={https://arxiv.org/abs/2205.15988}, 
}

@misc{jespersen2022textttmangrovelearninggalaxyproperties,
      title={$\texttt{Mangrove}$: Learning Galaxy Properties from Merger Trees}, 
      author={Christian Kragh Jespersen and Miles Cranmer and Peter Melchior and Shirley Ho and Rachel S. Somerville and Austen Gabrielpillai},
      year={2022},
      eprint={2210.13473},
      archivePrefix={arXiv},
      primaryClass={astro-ph.GA},
      doi={https://doi.org/10.3847/1538-4357/ac9b18},
      url={https://arxiv.org/abs/2210.13473}, 
}

@misc{jung2024mergertreebasedgalaxymatching,
      title={Merger Tree-based Galaxy Matching: A Comparative Study Across Different Resolutions}, 
      author={Minyong Jung and Ji-hoon Kim and Boon Kiat Oh and Sungwook E. Hong and Jaehyun Lee and Juhan Kim},
      year={2024},
      eprint={2312.02466},
      archivePrefix={arXiv},
      primaryClass={astro-ph.GA},
      doi={https://doi.org/10.3847/1538-4357/ad34d1},
      url={https://arxiv.org/abs/2312.02466}, 
}

@misc{geda2025constructingmergertreesdensity,
      title={Constructing Merger Trees of Density Peaks Using Phase-Space Watershed Segmentation Algorithm}, 
      author={Robel Geda and Romain Teyssier},
      year={2025},
      eprint={2501.08399},
      archivePrefix={arXiv},
      primaryClass={astro-ph.GA},
      doi={https://doi.org/10.1093/mnras/staf016},
      url={https://arxiv.org/abs/2501.08399}, 
}

@misc{robles2022deeplearningapproachhalo,
      title={A deep learning approach to halo merger tree construction}, 
      author={Sandra Robles and Jonathan S. Gómez and Adín Ramírez Rivera and Nelson D. Padilla and Diego Dujovne},
      year={2022},
      eprint={2205.15988},
      archivePrefix={arXiv},
      primaryClass={astro-ph.GA},
      doi={https://doi.org/10.1093/mnras/stac1569},
      url={https://arxiv.org/abs/2205.15988}, 
}

\end{document}
                