\documentclass[twocolumn]{aastex631}

\usepackage{amsmath}
\usepackage{multirow}
\usepackage{natbib}
\usepackage{graphicx} 
\usepackage{aas_macros}

\begin{document}



@misc{chandrogómez2025accuracydarkmatterhalo,
      title={On the accuracy of dark matter halo merger trees and the consequences for semi-analytic models of galaxy formation}, 
      author={Ángel Chandro-Gómez and Claudia del P. Lagos and Chris Power and Victor J. Forouhar Moreno and John C. Helly and Cedric G. Lacey and Robert J. McGibbon and Matthieu Schaller and Joop Schaye},
      year={2025},
      eprint={2501.07677},
      archivePrefix={arXiv},
      primaryClass={astro-ph.GA},
      doi={https://doi.org/10.1093/mnras/staf519},
      url={https://arxiv.org/abs/2501.07677}, 
}

@misc{parkinson2007generatingdarkmatterhalo,
      title={Generating Dark Matter Halo Merger Trees}, 
      author={Hannah Parkinson and Shaun Cole and John Helly},
      year={2007},
      eprint={0708.1382},
      archivePrefix={arXiv},
      primaryClass={astro-ph},
      doi={https://doi.org/10.1111/j.1365-2966.2007.12517.x},
      url={https://arxiv.org/abs/0708.1382}, 
}

@misc{jiang2013generatingmergertreesdark,
      title={Generating Merger Trees for Dark Matter Haloes: A Comparison of Methods}, 
      author={Fangzhou Jiang and Frank C. van den Bosch},
      year={2013},
      eprint={1311.5225},
      archivePrefix={arXiv},
      primaryClass={astro-ph.CO},
      doi={https://doi.org/10.1093/mnras/stu280},
      url={https://arxiv.org/abs/1311.5225}, 
}

@misc{jiang2025selfsimilardecompositionhierarchicalmerger,
      title={Self-similar decomposition of the hierarchical merger tree of dark matter halos}, 
      author={Wenkang Jiang and Jiaxin Han and Fuyu Dong and Feihong He},
      year={2025},
      eprint={2502.20181},
      archivePrefix={arXiv},
      primaryClass={astro-ph.CO},
      url={https://arxiv.org/abs/2502.20181}, 
}

@misc{benson2012darkmatterhalomerger,
      title={Dark Matter Halo Merger Histories Beyond Cold Dark Matter: I - Methods and Application to Warm Dark Matter}, 
      author={Andrew J. Benson and Arya Farahi and Shaun Cole and Leonidas A. Moustakas and Adrian Jenkins and Mark Lovell and Rachel Kennedy and John Helly and Carlos Frenk},
      year={2012},
      eprint={1209.3018},
      archivePrefix={arXiv},
      primaryClass={astro-ph.CO},
      doi={https://doi.org/10.1093/mnras/sts159},
      url={https://arxiv.org/abs/1209.3018}, 
}

@misc{cao2025imagepreprocessingframeworktimedomain,
      title={Image Pre-Processing Framework for Time-Domain Astronomy in the Artificial Intelligence Era}, 
      author={Liang Cao and Peng Jia and Jiaxin Li and Yu Song and Chengkun Hou and Yushan Li},
      year={2025},
      eprint={2502.10783},
      archivePrefix={arXiv},
      primaryClass={astro-ph.IM},
      url={https://arxiv.org/abs/2502.10783}, 
}

@misc{stepanyuk2022multiscaleimagepreprocessingfeature,
      title={Multi-Scale Image Preprocessing and Feature Tracking for Remote CME Characterization}, 
      author={Oleg Stepanyuk and Kamen Kozarev and Mohamed Nedal},
      year={2022},
      eprint={2205.15088},
      archivePrefix={arXiv},
      primaryClass={astro-ph.SR},
      url={https://arxiv.org/abs/2205.15088}, 
}

@misc{lastufka2025visionfoundationmodelsapplied,
      title={Vision foundation models: can they be applied to astrophysics data?}, 
      author={E. Lastufka and M. Drozdova and V. Kinakh and S. Voloshynovskyy},
      year={2025},
      eprint={2409.11175},
      archivePrefix={arXiv},
      primaryClass={astro-ph.IM},
      url={https://arxiv.org/abs/2409.11175}, 
}

@misc{morenocartagena2025leveragingpretrainedvisualtransformers,
      title={Leveraging Pre-Trained Visual Transformers for Multi-Band Photometric Light Curve Classification}, 
      author={Daniel Moreno-Cartagena and Pavlos Protopapas and Guillermo Cabrera-Vives and Martina Cádiz-Leyton and Ignacio Becker and Cristóbal Donoso-Oliva},
      year={2025},
      eprint={2502.20479},
      archivePrefix={arXiv},
      primaryClass={astro-ph.IM},
      url={https://arxiv.org/abs/2502.20479}, 
}

@misc{nerval2025atacamacosmologytelescopedevelopment,
      title={The Atacama Cosmology Telescope: The Development of Machine Learning Tools for Detecting Millimeter Sources in Timestream Pre-processing}, 
      author={Simran K. Nerval and Erika Hornecker and Yilun Guan and Zeling Zhang and Adam Hincks and Emily Biermann and J. Richard Bond and Justin Clancy and Rolando Dunner and Allen Foster and Carlos Hervias-Caimapo and Renee Hlozek and Thomas W. Morris and Sigurd Naess and John Orlowski-Scherer and Cristobal Sifon and Jesse Treu},
      year={2025},
      eprint={2503.10798},
      archivePrefix={arXiv},
      primaryClass={astro-ph.IM},
      url={https://arxiv.org/abs/2503.10798}, 
}

@misc{greiner2014logtransformingmatterpowerspectrum,
      title={Log-transforming the matter power spectrum}, 
      author={Maksim Greiner and Torsten A. Enßlin},
      year={2014},
      eprint={1312.1354},
      archivePrefix={arXiv},
      primaryClass={astro-ph.CO},
      doi={https://doi.org/10.1051/0004-6361/201323181},
      url={https://arxiv.org/abs/1312.1354}, 
}

@misc{rubira2021effectivefieldtheoryperturbative,
      title={The Effective Field Theory and Perturbative Analysis for Log-Density Fields}, 
      author={Henrique Rubira and Rodrigo Voivodic},
      year={2021},
      eprint={2011.12280},
      archivePrefix={arXiv},
      primaryClass={astro-ph.CO},
      doi={https://doi.org/10.1088/1475-7516/2021/03/070},
      url={https://arxiv.org/abs/2011.12280}, 
}

@misc{seo2011darkenergylogtransformedconvergence,
      title={Dark Energy from the log-transformed convergence field}, 
      author={Hee-Jong Seo and Masanori Sato and Masahiro Takada and Scott Dodelson},
      year={2011},
      eprint={1109.5639},
      archivePrefix={arXiv},
      primaryClass={astro-ph.CO},
      doi={https://doi.org/10.1088/0004-637X/748/1/57},
      url={https://arxiv.org/abs/1109.5639}, 
}

@misc{falck2011straighteningdensitydisplacementrelationlogarithmic,
      title={Straightening the Density-Displacement Relation with a Logarithmic Transform}, 
      author={Bridget L. Falck and Mark C. Neyrinck and Miguel A. Aragon-Calvo and Guilhem Lavaux and Alexander S. Szalay},
      year={2011},
      eprint={1111.4466},
      archivePrefix={arXiv},
      primaryClass={astro-ph.CO},
      doi={https://doi.org/10.1088/0004-637X/745/1/17},
      url={https://arxiv.org/abs/1111.4466}, 
}

@misc{wang2024newinsighttimetransformedsymplectic,
      title={New insight of time-transformed symplectic integrator I: hybrid methods for hierarchical triples}, 
      author={Long Wang},
      year={2024},
      eprint={2412.02124},
      archivePrefix={arXiv},
      primaryClass={astro-ph.IM},
      url={https://arxiv.org/abs/2412.02124}, 
}

@misc{derocco2025reconstructingfreefloatingplanetmass,
      title={Reconstructing the Free-floating Planet Mass Function with the Nancy Grace Roman Space Telescope}, 
      author={William DeRocco and Matthew T. Penny and Samson A. Johnson and Peter McGill},
      year={2025},
      eprint={2505.00092},
      archivePrefix={arXiv},
      primaryClass={astro-ph.EP},
      url={https://arxiv.org/abs/2505.00092}, 
}

@misc{obrennan2024halomassfunctionshigh,
      title={Halo mass functions at high redshift}, 
      author={Hannah O'Brennan and John A. Regan and Chris Power and Saoirse Ward and John Brennan and Joe McCaffrey},
      year={2024},
      eprint={2408.15194},
      archivePrefix={arXiv},
      primaryClass={astro-ph.CO},
      doi={https://doi.org/10.33232/001c.126010},
      url={https://arxiv.org/abs/2408.15194}, 
}

@misc{müller2024massradiusrelationexoplanetsrevisited,
      title={The mass-radius relation of exoplanets, revisited}, 
      author={Simon Müller and Jana Baron and Ravit Helled and François Bouchy and Léna Parc},
      year={2024},
      eprint={2311.12593},
      archivePrefix={arXiv},
      primaryClass={astro-ph.EP},
      doi={https://doi.org/10.1051/0004-6361/202348690},
      url={https://arxiv.org/abs/2311.12593}, 
}

@misc{etherington2023bulgehaloconspiracydensityprofiles,
      title={Beyond the bulge-halo conspiracy? Density profiles of Early-type galaxies from extended-source strong lensing}, 
      author={Amy Etherington and James W. Nightingale and Richard Massey and Andrew Robertson and XiaoYue Cao and Aristeidis Amvrosiadis and Shaun Cole and Carlos S. Frenk and Qiuhan He and David J. Lagattuta and Samuel Lange and Ran Li},
      year={2023},
      eprint={2207.04070},
      archivePrefix={arXiv},
      primaryClass={astro-ph.GA},
      doi={https://doi.org/10.1093/mnras/stad582},
      url={https://arxiv.org/abs/2207.04070}, 
}

@misc{jin2024causaldiscoveryastronomylearning,
      title={Beyond Causal Discovery for Astronomy: Learning Meaningful Representations with Independent Component Analysis}, 
      author={Zehao Jin and Mario Pasquato and Benjamin L. Davis and Andrea V. Macciò and Yashar Hezaveh},
      year={2024},
      eprint={2410.14775},
      archivePrefix={arXiv},
      primaryClass={astro-ph.GA},
      url={https://arxiv.org/abs/2410.14775}, 
}

@misc{dainotti2025gammarayburstsdistanceindicators,
      title={Gamma-ray Bursts as Distance Indicators by a Statistical Learning Approach}, 
      author={Maria Giovanna Dainotti and Aditya Narendra and Agnieszka Pollo and Vahe Petrosian and Malgorzata Bogdan and Kazunari Iwasaki and Jason Xavier Prochaska and Enrico Rinaldi and David Zhou},
      year={2025},
      eprint={2402.04551},
      archivePrefix={arXiv},
      primaryClass={astro-ph.HE},
      doi={https://doi.org/10.3847/2041-8213/ad4970},
      url={https://arxiv.org/abs/2402.04551}, 
}

@misc{ponomareva2023mighteehimeerkathimass,
      title={MIGHTEE-HI: The first MeerKAT HI mass function from an untargeted interferometric survey}, 
      author={Anastasia A. Ponomareva and Matt J. Jarvis and Hengxing Pan and Natasha Maddox and Michael G. Jones and Bradley S. Frank and Sambatriniaina H. A. Rajohnson and Wanga Mulaudzi and Martin Meyer and Elizabeth A. K. Adams and Maarten Baes and Kelley M. Hess and Sushma Kurapati and Isabella Prandoni and Francesco Sinigaglia and Kristine Spekkens and Madalina Tudorache and Ian Heywood and Jordan D. Collier and Srikrishna Sekhar},
      year={2023},
      eprint={2304.13051},
      archivePrefix={arXiv},
      primaryClass={astro-ph.GA},
      doi={https://doi.org/10.1093/mnras/stad1249},
      url={https://arxiv.org/abs/2304.13051}, 
}

@misc{davis2023discoveryplanarblackhole,
      title={Discovery of a Planar Black Hole Mass Scaling Relation for Spiral Galaxies}, 
      author={Benjamin L. Davis and Zehao Jin},
      year={2023},
      eprint={2309.08986},
      archivePrefix={arXiv},
      primaryClass={astro-ph.GA},
      doi={https://doi.org/10.3847/2041-8213/acfa98},
      url={https://arxiv.org/abs/2309.08986}, 
}

@misc{trujillogomez2017baryonmiracletestingsolutions,
      title={Another baryon miracle? Testing solutions to the "missing dwarfs" problem}, 
      author={Sebastian Trujillo-Gomez and Aurel Schneider and Emmanouil Papastergis and Darren S. Reed and George Lake},
      year={2017},
      eprint={1610.09335},
      archivePrefix={arXiv},
      primaryClass={astro-ph.CO},
      doi={https://doi.org/10.1093/mnras/sty146},
      url={https://arxiv.org/abs/1610.09335}, 
}

@misc{ge2023scalingtransformationsoriginslight,
      title={Scaling Transformations and the Origins of Light Relics Constraints from Cosmic Microwave Background Observations}, 
      author={Fei Ge and Francis-Yan Cyr-Racine and Lloyd Knox},
      year={2023},
      eprint={2210.16335},
      archivePrefix={arXiv},
      primaryClass={astro-ph.CO},
      doi={https://doi.org/10.1103/PhysRevD.107.023517},
      url={https://arxiv.org/abs/2210.16335}, 
}

@misc{walmsley2024scalinglawsgalaxyimages,
      title={Scaling Laws for Galaxy Images}, 
      author={Mike Walmsley and Micah Bowles and Anna M. M. Scaife and Jason Shingirai Makechemu and Alexander J. Gordon and Annette M. N. Ferguson and Robert G. Mann and James Pearson and Jürgen J. Popp and Jo Bovy and Josh Speagle and Hugh Dickinson and Lucy Fortson and Tobias Géron and Sandor Kruk and Chris J. Lintott and Kameswara Mantha and Devina Mohan and David O'Ryan and Inigo V. Slijepevic},
      year={2024},
      eprint={2404.02973},
      archivePrefix={arXiv},
      primaryClass={cs.CV},
      url={https://arxiv.org/abs/2404.02973}, 
}

@misc{stepanyuk2022multiscaleimagepreprocessingfeature,
      title={Multi-Scale Image Preprocessing and Feature Tracking for Remote CME Characterization}, 
      author={Oleg Stepanyuk and Kamen Kozarev and Mohamed Nedal},
      year={2022},
      eprint={2205.15088},
      archivePrefix={arXiv},
      primaryClass={astro-ph.SR},
      url={https://arxiv.org/abs/2205.15088}, 
}

@misc{mukhopadhyay2024cosmologicalscalingprecursordomain,
      title={Cosmological scaling of precursor domain walls}, 
      author={Mainak Mukhopadhyay and Oriol Pujolas and George Zahariade},
      year={2024},
      eprint={2406.10330},
      archivePrefix={arXiv},
      primaryClass={hep-th},
      url={https://arxiv.org/abs/2406.10330}, 
}

@misc{skaf2024realtimecontroldatastandardization,
      title={Real-time control and data standardization on various telescopes and benches}, 
      author={Nour Skaf and Rebecca Jensen-Clem and Aaron Hunter and Olivier Guyon and Vincent Deo and Phil Hinz and Sylvain Cetre and Vincent Chambouleyron and J. Fowler and Aditya Sengupa and Maissa Salama and Jared Males and Eden McEwen and Ewan S. Douglas and Kyle Van Gorkom and Emiel Por and Miles Lucas and Florian Ferreira and Arnaud Sevin and Rachel Bowens-Rubin and Jesse Cranney and Ben Calvin},
      year={2024},
      eprint={2409.13126},
      archivePrefix={arXiv},
      primaryClass={astro-ph.IM},
      url={https://arxiv.org/abs/2409.13126}, 
}

@misc{deglinnocenti2006polarimetricstandardization,
      title={Polarimetric Standardization}, 
      author={E. Landi Degl'Innocenti and S. Bagnulo and L. Fossati},
      year={2006},
      eprint={astro-ph/0610262},
      archivePrefix={arXiv},
      primaryClass={astro-ph},
      url={https://arxiv.org/abs/astro-ph/0610262}, 
}

@misc{coughlin2020standardizingkilonovaeusestandard,
      title={On standardizing kilonovae and their use as standard candles to measure the Hubble constant}, 
      author={Michael W. Coughlin and Tim Dietrich and Jack Heinzel and Nandita Khetan and Sarah Antier and Mattia Bulla and Nelson Christensen and David A. Coulter and Ryan J. Foley},
      year={2020},
      eprint={1908.00889},
      archivePrefix={arXiv},
      primaryClass={astro-ph.HE},
      doi={https://doi.org/10.1103/PhysRevResearch.2.022006},
      url={https://arxiv.org/abs/1908.00889}, 
}

@misc{sulis2022semisupervisedstandardizeddetectionextrasolar,
      title={Semi-supervised standardized detection of extrasolar planets}, 
      author={S. Sulis and D. Mary and L. Bigot and M. Deleuil},
      year={2022},
      eprint={2207.03740},
      archivePrefix={arXiv},
      primaryClass={astro-ph.EP},
      doi={https://doi.org/10.1051/0004-6361/202142486},
      url={https://arxiv.org/abs/2207.03740}, 
}

@misc{skaf2024realtimecontroldatastandardization,
      title={Real-time control and data standardization on various telescopes and benches}, 
      author={Nour Skaf and Rebecca Jensen-Clem and Aaron Hunter and Olivier Guyon and Vincent Deo and Phil Hinz and Sylvain Cetre and Vincent Chambouleyron and J. Fowler and Aditya Sengupa and Maissa Salama and Jared Males and Eden McEwen and Ewan S. Douglas and Kyle Van Gorkom and Emiel Por and Miles Lucas and Florian Ferreira and Arnaud Sevin and Rachel Bowens-Rubin and Jesse Cranney and Ben Calvin},
      year={2024},
      eprint={2409.13126},
      archivePrefix={arXiv},
      primaryClass={astro-ph.IM},
      url={https://arxiv.org/abs/2409.13126}, 
}

@misc{rouhiainen2021normalizingflowsrandomfields,
      title={Normalizing flows for random fields in cosmology}, 
      author={Adam Rouhiainen and Utkarsh Giri and Moritz Münchmeyer},
      year={2021},
      eprint={2105.12024},
      archivePrefix={arXiv},
      primaryClass={astro-ph.CO},
      url={https://arxiv.org/abs/2105.12024}, 
}

@misc{crenshaw2024probabilisticforwardmodelinggalaxy,
      title={Probabilistic Forward Modeling of Galaxy Catalogs with Normalizing Flows}, 
      author={John Franklin Crenshaw and J. Bryce Kalmbach and Alexander Gagliano and Ziang Yan and Andrew J. Connolly and Alex I. Malz and Samuel J. Schmidt and The LSST Dark Energy Science Collaboration},
      year={2024},
      eprint={2405.04740},
      archivePrefix={arXiv},
      primaryClass={astro-ph.IM},
      doi={https://doi.org/10.3847/1538-3881/ad54bf},
      url={https://arxiv.org/abs/2405.04740}, 
}

@misc{fedeli2008stronglensingstatisticspower,
      title={Strong lensing statistics and the power spectrum normalisation}, 
      author={C. Fedeli and M. Bartelmann and M. Meneghetti and L. Moscardini},
      year={2008},
      eprint={0803.0656},
      archivePrefix={arXiv},
      primaryClass={astro-ph},
      doi={https://doi.org/10.1051/0004-6361:200809725},
      url={https://arxiv.org/abs/0803.0656}, 
}

@misc{yan2025denoisingmilkywaystellar,
      title={Denoising Milky Way stellar survey data with normalizing flow models}, 
      author={Ziyang Yan and Jason L. Sanders},
      year={2025},
      eprint={2505.16553},
      archivePrefix={arXiv},
      primaryClass={astro-ph.GA},
      url={https://arxiv.org/abs/2505.16553}, 
}

@misc{rouhiainen2021normalizingflowsrandomfields,
      title={Normalizing flows for random fields in cosmology}, 
      author={Adam Rouhiainen and Utkarsh Giri and Moritz Münchmeyer},
      year={2021},
      eprint={2105.12024},
      archivePrefix={arXiv},
      primaryClass={astro-ph.CO},
      url={https://arxiv.org/abs/2105.12024}, 
}

@misc{yan2025denoisingmilkywaystellar,
      title={Denoising Milky Way stellar survey data with normalizing flow models}, 
      author={Ziyang Yan and Jason L. Sanders},
      year={2025},
      eprint={2505.16553},
      archivePrefix={arXiv},
      primaryClass={astro-ph.GA},
      url={https://arxiv.org/abs/2505.16553}, 
}

@misc{lovell2023hierarchynormalizingflowsmodelling,
      title={A Hierarchy of Normalizing Flows for Modelling the Galaxy-Halo Relationship}, 
      author={Christopher C. Lovell and Sultan Hassan and Daniel Anglés-Alcázar and Greg Bryan and Giulio Fabbian and Shy Genel and ChangHoon Hahn and Kartheik Iyer and James Kwon and Natalí de Santi and Francisco Villaescusa-Navarro},
      year={2023},
      eprint={2307.06967},
      archivePrefix={arXiv},
      primaryClass={astro-ph.GA},
      url={https://arxiv.org/abs/2307.06967}, 
}

@misc{hassan2022hiflowgeneratingdiversehi,
      title={HIFlow: Generating Diverse HI Maps and Inferring Cosmology while Marginalizing over Astrophysics using Normalizing Flows}, 
      author={Sultan Hassan and Francisco Villaescusa-Navarro and Benjamin Wandelt and David N. Spergel and Daniel Anglés-Alcázar and Shy Genel and Miles Cranmer and Greg L. Bryan and Romeel Davé and Rachel S. Somerville and Michael Eickenberg and Desika Narayanan and Shirley Ho and Sambatra Andrianomena},
      year={2022},
      eprint={2110.02983},
      archivePrefix={arXiv},
      primaryClass={astro-ph.CO},
      doi={https://doi.org/10.3847/1538-4357/ac8b09},
      url={https://arxiv.org/abs/2110.02983}, 
}

@misc{nadler2023growinggalaxiesmergertrees,
      title={Growing the First Galaxies' Merger Trees}, 
      author={Ethan O. Nadler and Andrew Benson and Trey Driskell and Xiaolong Du and Vera Gluscevic},
      year={2023},
      eprint={2212.08584},
      archivePrefix={arXiv},
      primaryClass={astro-ph.GA},
      doi={https://doi.org/10.1093/mnras/stad666},
      url={https://arxiv.org/abs/2212.08584}, 
}

@misc{jespersen2022textttmangrovelearninggalaxyproperties,
      title={$\texttt{Mangrove}$: Learning Galaxy Properties from Merger Trees}, 
      author={Christian Kragh Jespersen and Miles Cranmer and Peter Melchior and Shirley Ho and Rachel S. Somerville and Austen Gabrielpillai},
      year={2022},
      eprint={2210.13473},
      archivePrefix={arXiv},
      primaryClass={astro-ph.GA},
      doi={https://doi.org/10.3847/1538-4357/ac9b18},
      url={https://arxiv.org/abs/2210.13473}, 
}

@misc{chandrogómez2025accuracydarkmatterhalo,
      title={On the accuracy of dark matter halo merger trees and the consequences for semi-analytic models of galaxy formation}, 
      author={Ángel Chandro-Gómez and Claudia del P. Lagos and Chris Power and Victor J. Forouhar Moreno and John C. Helly and Cedric G. Lacey and Robert J. McGibbon and Matthieu Schaller and Joop Schaye},
      year={2025},
      eprint={2501.07677},
      archivePrefix={arXiv},
      primaryClass={astro-ph.GA},
      doi={https://doi.org/10.1093/mnras/staf519},
      url={https://arxiv.org/abs/2501.07677}, 
}

@misc{geda2025constructingmergertreesdensity,
      title={Constructing Merger Trees of Density Peaks Using Phase-Space Watershed Segmentation Algorithm}, 
      author={Robel Geda and Romain Teyssier},
      year={2025},
      eprint={2501.08399},
      archivePrefix={arXiv},
      primaryClass={astro-ph.GA},
      doi={https://doi.org/10.1093/mnras/staf016},
      url={https://arxiv.org/abs/2501.08399}, 
}

@misc{elahi2019climbinghalomergertrees,
      title={Climbing Halo Merger Trees with TreeFrog}, 
      author={Pascal J. Elahi and Rhys J. J. Poulton and Rodrigo J. Tobar and Rodrigo Canas and Claudia del P. Lagos and Chris Power and Aaron S. G. Robotham},
      year={2019},
      eprint={1902.01527},
      archivePrefix={arXiv},
      primaryClass={astro-ph.IM},
      doi={https://doi.org/10.1017/pasa.2019.18},
      url={https://arxiv.org/abs/1902.01527}, 
}

@misc{berni2024searchingchemokinematicstructuresmilky,
      title={Searching for chemo-kinematic structures in the Milky Way halo with deep clustering algorithms}, 
      author={Leda Berni},
      year={2024},
      eprint={2409.11429},
      archivePrefix={arXiv},
      primaryClass={astro-ph.GA},
      url={https://arxiv.org/abs/2409.11429}, 
}

@misc{wetzel2025interpretablemachinelearningphysics,
      title={Interpretable Machine Learning in Physics: A Review}, 
      author={Sebastian Johann Wetzel and Seungwoong Ha and Raban Iten and Miriam Klopotek and Ziming Liu},
      year={2025},
      eprint={2503.23616},
      archivePrefix={arXiv},
      primaryClass={physics.comp-ph},
      url={https://arxiv.org/abs/2503.23616}, 
}

@misc{ji2024graphicalmultifidelitygaussianprocess,
      title={A graphical multi-fidelity Gaussian process model, with application to emulation of heavy-ion collisions}, 
      author={Yi Ji and Simon Mak and Derek Soeder and J-F Paquet and Steffen A. Bass},
      year={2024},
      eprint={2108.00306},
      archivePrefix={arXiv},
      primaryClass={stat.ME},
      url={https://arxiv.org/abs/2108.00306}, 
}

@misc{ryan2016d1coloredgraphsreview,
      title={$(D+1)$-Colored Graphs - a Review of Sundry Properties}, 
      author={James P. Ryan},
      year={2016},
      eprint={1603.07220},
      archivePrefix={arXiv},
      primaryClass={math.CO},
      doi={https://doi.org/10.3842/SIGMA.2016.076},
      url={https://arxiv.org/abs/1603.07220}, 
}

@misc{erpenbeck2023tensortraincontinuoustime,
      title={A Tensor Train Continuous Time Solver for Quantum Impurity Models}, 
      author={A. Erpenbeck and W. -T. Lin and T. Blommel and L. Zhang and S. Iskakov and L. Bernheimer and Y. Núñez-Fernández and G. Cohen and O. Parcollet and X. Waintal and E. Gull},
      year={2023},
      eprint={2303.11199},
      archivePrefix={arXiv},
      primaryClass={cond-mat.str-el},
      doi={https://doi.org/10.1103/PhysRevB.107.245135},
      url={https://arxiv.org/abs/2303.11199}, 
}

@misc{bharadwaj2024efficientleveragescoresampling,
      title={Efficient Leverage Score Sampling for Tensor Train Decomposition}, 
      author={Vivek Bharadwaj and Beheshteh T. Rakhshan and Osman Asif Malik and Guillaume Rabusseau},
      year={2024},
      eprint={2406.02749},
      archivePrefix={arXiv},
      primaryClass={cs.DS},
      url={https://arxiv.org/abs/2406.02749}, 
}

@misc{yu2025inchwormtensortrainhybridization,
      title={Inchworm Tensor Train Hybridization Expansion Quantum Impurity Solver}, 
      author={Yang Yu and André Erpenbeck and Dominika Zgid and Guy Cohen and Olivier Parcollet and Emanuel Gull},
      year={2025},
      eprint={2505.16117},
      archivePrefix={arXiv},
      primaryClass={cond-mat.str-el},
      url={https://arxiv.org/abs/2505.16117}, 
}

@misc{matveev2024estimatesquantizedtensortrain,
      title={Estimates for the quantized tensor train ranks for the power functions}, 
      author={Sergey A. Matveev and Matvey Smirnov},
      year={2024},
      eprint={2404.12230},
      archivePrefix={arXiv},
      primaryClass={math.NA},
      doi={https://doi.org/10.1134/S1995080224603734},
      url={https://arxiv.org/abs/2404.12230}, 
}

@misc{michailidis2024tensortrainmultiplication,
      title={Tensor Train Multiplication}, 
      author={Alexios A Michailidis and Christian Fenton and Martin Kiffner},
      year={2024},
      eprint={2410.19747},
      archivePrefix={arXiv},
      primaryClass={physics.comp-ph},
      url={https://arxiv.org/abs/2410.19747}, 
}

@misc{oostrum2025tensorcorebeamformerhighspeedsignalprocessing,
      title={The Tensor-Core Beamformer: A High-Speed Signal-Processing Library for Multidisciplinary Use}, 
      author={Leon Oostrum and Bram Veenboer and Ronald Rook and Michael Brown and Pieter Kruizinga and John W. Romein},
      year={2025},
      eprint={2505.03269},
      archivePrefix={arXiv},
      primaryClass={cs.DC},
      url={https://arxiv.org/abs/2505.03269}, 
}

@misc{wu2025tensorscalarinducedgwsdominate,
      title={Can tensor-scalar induced GWs dominate PTA observations ?}, 
      author={Di Wu and Jing-Zhi Zhou and Yu-Ting Kuang and Zhi-Chao Li and Zhe Chang and Qing-Guo Huang},
      year={2025},
      eprint={2501.00228},
      archivePrefix={arXiv},
      primaryClass={astro-ph.CO},
      url={https://arxiv.org/abs/2501.00228}, 
}

@misc{galloni2023updatedconstraintsamplitudetilt,
      title={Updated constraints on amplitude and tilt of the tensor primordial spectrum}, 
      author={Giacomo Galloni and Nicola Bartolo and Sabino Matarrese and Marina Migliaccio and Angelo Ricciardone and Nicola Vittorio},
      year={2023},
      eprint={2208.00188},
      archivePrefix={arXiv},
      primaryClass={astro-ph.CO},
      doi={https://doi.org/10.1088/1475-7516/2023/04/062},
      url={https://arxiv.org/abs/2208.00188}, 
}

@misc{ye2024quantizedtensornetworkssolving,
      title={Quantized tensor networks for solving the Vlasov-Maxwell equations}, 
      author={Erika Ye and Nuno Loureiro},
      year={2024},
      eprint={2311.07756},
      archivePrefix={arXiv},
      primaryClass={physics.comp-ph},
      url={https://arxiv.org/abs/2311.07756}, 
}

@misc{ye2024quantizedtensornetworkssolving,
      title={Quantized tensor networks for solving the Vlasov-Maxwell equations}, 
      author={Erika Ye and Nuno Loureiro},
      year={2024},
      eprint={2311.07756},
      archivePrefix={arXiv},
      primaryClass={physics.comp-ph},
      url={https://arxiv.org/abs/2311.07756}, 
}

@misc{parker2024astroclipcrossmodalfoundationmodel,
      title={AstroCLIP: A Cross-Modal Foundation Model for Galaxies}, 
      author={Liam Parker and Francois Lanusse and Siavash Golkar and Leopoldo Sarra and Miles Cranmer and Alberto Bietti and Michael Eickenberg and Geraud Krawezik and Michael McCabe and Ruben Ohana and Mariel Pettee and Bruno Regaldo-Saint Blancard and Tiberiu Tesileanu and Kyunghyun Cho and Shirley Ho},
      year={2024},
      eprint={2310.03024},
      archivePrefix={arXiv},
      primaryClass={astro-ph.IM},
      doi={https://doi.org/10.1093/mnras/stae1450},
      url={https://arxiv.org/abs/2310.03024}, 
}

@misc{yang2025blackholemimickersshapirofree,
      title={How black hole mimickers and Shapiro-free lenses signal effective dark matter}, 
      author={Lirui Yang and Will Barker and Tobias Mistele and Amel Durakovic},
      year={2025},
      eprint={2504.20144},
      archivePrefix={arXiv},
      primaryClass={gr-qc},
      url={https://arxiv.org/abs/2504.20144}, 
}

@misc{gupta2023blackholemenageriechargeddyonic,
      title={Black Hole Menagerie, Charged/Dyonic BHs and Radiation from Interacting Dyonic BH Pairs}, 
      author={Patrick Das Gupta and Mohd. Sirtaz},
      year={2023},
      eprint={2306.14473},
      archivePrefix={arXiv},
      primaryClass={gr-qc},
      doi={https://doi.org/10.52305/TKOH1520},
      url={https://arxiv.org/abs/2306.14473}, 
}

@misc{larson2024predictingdarkmatterhalo,
      title={Predicting dark matter halo masses from simulated galaxy images and environments}, 
      author={Austin J. Larson and John F. Wu and Craig Jones},
      year={2024},
      eprint={2407.13735},
      archivePrefix={arXiv},
      primaryClass={astro-ph.CO},
      url={https://arxiv.org/abs/2407.13735}, 
}

@misc{zhang2025predictionindividualhaloconcentrations,
      title={Prediction of Individual Halo Concentrations Across Cosmic Time Using Neural Networks}, 
      author={Tianchi Zhang and Tianxiang Mao and Wenxiao Xu and Guan Li},
      year={2025},
      eprint={2501.16618},
      archivePrefix={arXiv},
      primaryClass={astro-ph.CO},
      doi={https://doi.org/10.3390/universe11020037},
      url={https://arxiv.org/abs/2501.16618}, 
}

@misc{sáezcasares2024emantisemulatorfastaccurate,
      title={The e-MANTIS emulator: fast and accurate predictions of the halo mass function in $f(R)$CDM and $w$CDM cosmologies}, 
      author={I. Sáez-Casares and Y. Rasera and T. R. G. Richardson and P. -S. Corasaniti},
      year={2024},
      eprint={2410.05226},
      archivePrefix={arXiv},
      primaryClass={astro-ph.CO},
      doi={https://doi.org/10.1051/0004-6361/202450193},
      url={https://arxiv.org/abs/2410.05226}, 
}

@misc{cui2024knowhalomassfunction,
      title={How much do we know the halo mass function? Predictions beyond resolution}, 
      author={Weiguang Cui},
      year={2024},
      eprint={2406.03829},
      archivePrefix={arXiv},
      primaryClass={astro-ph.CO},
      url={https://arxiv.org/abs/2406.03829}, 
}

@misc{wang2021universemachinepredictinggalaxystar,
      title={UniverseMachine: Predicting Galaxy Star Formation over Seven Decades of Halo Mass with Zoom-in Simulations}, 
      author={Yunchong Wang and Ethan O. Nadler and Yao-Yuan Mao and Susmita Adhikari and Risa H. Wechsler and Peter Behroozi},
      year={2021},
      eprint={2102.11876},
      archivePrefix={arXiv},
      primaryClass={astro-ph.GA},
      doi={https://doi.org/10.3847/1538-4357/ac024a},
      url={https://arxiv.org/abs/2102.11876}, 
}

@misc{larson2024predictingdarkmatterhalo,
      title={Predicting dark matter halo masses from simulated galaxy images and environments}, 
      author={Austin J. Larson and John F. Wu and Craig Jones},
      year={2024},
      eprint={2407.13735},
      archivePrefix={arXiv},
      primaryClass={astro-ph.CO},
      url={https://arxiv.org/abs/2407.13735}, 
}

@misc{zhang2025predictionindividualhaloconcentrations,
      title={Prediction of Individual Halo Concentrations Across Cosmic Time Using Neural Networks}, 
      author={Tianchi Zhang and Tianxiang Mao and Wenxiao Xu and Guan Li},
      year={2025},
      eprint={2501.16618},
      archivePrefix={arXiv},
      primaryClass={astro-ph.CO},
      doi={https://doi.org/10.3390/universe11020037},
      url={https://arxiv.org/abs/2501.16618}, 
}

@misc{sáezcasares2024emantisemulatorfastaccurate,
      title={The e-MANTIS emulator: fast and accurate predictions of the halo mass function in $f(R)$CDM and $w$CDM cosmologies}, 
      author={I. Sáez-Casares and Y. Rasera and T. R. G. Richardson and P. -S. Corasaniti},
      year={2024},
      eprint={2410.05226},
      archivePrefix={arXiv},
      primaryClass={astro-ph.CO},
      doi={https://doi.org/10.1051/0004-6361/202450193},
      url={https://arxiv.org/abs/2410.05226}, 
}

@misc{cui2024knowhalomassfunction,
      title={How much do we know the halo mass function? Predictions beyond resolution}, 
      author={Weiguang Cui},
      year={2024},
      eprint={2406.03829},
      archivePrefix={arXiv},
      primaryClass={astro-ph.CO},
      url={https://arxiv.org/abs/2406.03829}, 
}

@misc{wang2021universemachinepredictinggalaxystar,
      title={UniverseMachine: Predicting Galaxy Star Formation over Seven Decades of Halo Mass with Zoom-in Simulations}, 
      author={Yunchong Wang and Ethan O. Nadler and Yao-Yuan Mao and Susmita Adhikari and Risa H. Wechsler and Peter Behroozi},
      year={2021},
      eprint={2102.11876},
      archivePrefix={arXiv},
      primaryClass={astro-ph.GA},
      doi={https://doi.org/10.3847/1538-4357/ac024a},
      url={https://arxiv.org/abs/2102.11876}, 
}

@misc{markel2020usingrandomforestmachine,
      title={Using Random Forest Machine Learning Algorithms in Binary Supernovae Classification}, 
      author={Jonathan Markel and Amanda J. Bayless},
      year={2020},
      eprint={1907.00088},
      archivePrefix={arXiv},
      primaryClass={astro-ph.HE},
      url={https://arxiv.org/abs/1907.00088}, 
}

@misc{mucesh2021machinelearningapproachgalaxy,
      title={A machine learning approach to galaxy properties: joint redshift-stellar mass probability distributions with Random Forest}, 
      author={S. Mucesh and W. G. Hartley and A. Palmese and O. Lahav and L. Whiteway and A. F. L. Bluck and A. Alarcon and A. Amon and K. Bechtol and G. M. Bernstein and A. Carnero Rosell and M. Carrasco Kind and A. Choi and K. Eckert and S. Everett and D. Gruen and R. A. Gruendl and I. Harrison and E. M. Huff and N. Kuropatkin and I. Sevilla-Noarbe and E. Sheldon and B. Yanny and M. Aguena and S. Allam and D. Bacon and E. Bertin and S. Bhargava and D. Brooks and J. Carretero and F. J. Castander and C. Conselice and M. Costanzi and M. Crocce and L. N. da Costa and M. E. S. Pereira and J. De Vicente and S. Desai and H. T. Diehl and A. Drlica-Wagner and A. E. Evrard and I. Ferrero and B. Flaugher and P. Fosalba and J. Frieman and J. García-Bellido and E. Gaztanaga and D. W. Gerdes and J. Gschwend and G. Gutierrez and S. R. Hinton and D. L. Hollowood and K. Honscheid and D. J. James and K. Kuehn and M. Lima and H. Lin and M. A. G. Maia and P. Melchior and F. Menanteau and R. Miquel and R. Morgan and F. Paz-Chinchón and A. A. Plazas and E. Sanchez and V. Scarpine and M. Schubnell and S. Serrano and M. Smith and E. Suchyta and G. Tarle and D. Thomas and C. To and T. N. Varga and R. D. Wilkinson},
      year={2021},
      eprint={2012.05928},
      archivePrefix={arXiv},
      primaryClass={astro-ph.GA},
      doi={https://doi.org/10.1093/mnras/stab164},
      url={https://arxiv.org/abs/2012.05928}, 
}

@misc{reis2018probabilisticrandomforestmachine,
      title={Probabilistic Random Forest: A machine learning algorithm for noisy datasets}, 
      author={Itamar Reis and Dalya Baron and Sahar Shahaf},
      year={2018},
      eprint={1811.05994},
      archivePrefix={arXiv},
      primaryClass={astro-ph.IM},
      doi={https://doi.org/10.3847/1538-3881/aaf101},
      url={https://arxiv.org/abs/1811.05994}, 
}

@misc{fidor2021assessingcapabilityrandomforest,
      title={Assessing the capability of random forest to predict the evolution of enhanced gamma-ray states of active galactic nuclei}, 
      author={Tomasz Fidor and Julian Sitarek},
      year={2021},
      eprint={2107.04571},
      archivePrefix={arXiv},
      primaryClass={astro-ph.IM},
      doi={https://doi.org/10.1016/j.astropartphys.2021.102625},
      url={https://arxiv.org/abs/2107.04571}, 
}

@misc{ghaziasgar2025machinelearningclassificationyoung,
      title={Machine Learning Classification of Young Stellar Objects and Evolved Stars in the Magellanic Clouds Using the Probabilistic Random Forest Classifier}, 
      author={Sepideh Ghaziasgar and Mahdi Abdollahi and Atefeh Javadi and Jacco Th. van Loon and Iain McDonald and Joana Oliveira and Habib G. Khosroshahi},
      year={2025},
      eprint={2504.14242},
      archivePrefix={arXiv},
      primaryClass={astro-ph.GA},
      doi={https://doi.org/10.52526/25792776-24.71.2-377},
      url={https://arxiv.org/abs/2504.14242}, 
}

@misc{lastufka2025visionfoundationmodelsapplied,
      title={Vision foundation models: can they be applied to astrophysics data?}, 
      author={E. Lastufka and M. Drozdova and V. Kinakh and S. Voloshynovskyy},
      year={2025},
      eprint={2409.11175},
      archivePrefix={arXiv},
      primaryClass={astro-ph.IM},
      url={https://arxiv.org/abs/2409.11175}, 
}

@misc{różański2023spectralfoundationmodelattentionbased,
      title={Toward a Spectral Foundation Model: An Attention-Based Approach with Domain-Inspired Fine-Tuning and Wavelength Parameterization}, 
      author={Tomasz Różański and Yuan-Sen Ting and Maja Jabłońska},
      year={2023},
      eprint={2306.15703},
      archivePrefix={arXiv},
      primaryClass={astro-ph.IM},
      url={https://arxiv.org/abs/2306.15703}, 
}

@misc{lastufka2025bridginggapexaminingvision,
      title={Bridging the Gap: Examining Vision Foundation Models for Optical and Radio Astronomy Applications}, 
      author={E. Lastufka and O. Bait and M. Drozdova and V. Kinakh and D. Piras and M. Audard and M. Dessauges-Zavadsky and T. Holotyak and D. Schaerer and S. Voloshynovskiy},
      year={2025},
      eprint={2409.11175},
      archivePrefix={arXiv},
      primaryClass={astro-ph.IM},
      url={https://arxiv.org/abs/2409.11175}, 
}

@misc{fujita2019haloconcentrationsnewbaseline,
      title={Halo Concentrations and the New Baseline X-ray Luminosity-Temperature and Mass Relations of Galaxy Clusters}, 
      author={Yutaka Fujita and Han Aung},
      year={2019},
      eprint={1901.05439},
      archivePrefix={arXiv},
      primaryClass={astro-ph.GA},
      doi={https://doi.org/10.3847/1538-4357/ab0e02},
      url={https://arxiv.org/abs/1901.05439}, 
}

@misc{huppenkothen2023constructingimpactfulmachinelearning,
      title={Constructing Impactful Machine Learning Research for Astronomy: Best Practices for Researchers and Reviewers}, 
      author={D. Huppenkothen and M. Ntampaka and M. Ho and M. Fouesneau and B. Nord and J. E. G. Peek and M. Walmsley and J. F. Wu and C. Avestruz and T. Buck and M. Brescia and D. P. Finkbeiner and A. D. Goulding and T. Kacprzak and P. Melchior and M. Pasquato and N. Ramachandra and Y. -S. Ting and G. van de Ven and S. Villar and V. A. Villar and E. Zinger},
      year={2023},
      eprint={2310.12528},
      archivePrefix={arXiv},
      primaryClass={astro-ph.IM},
      url={https://arxiv.org/abs/2310.12528}, 
}

@misc{mishrasharma2024paperclipassociatingastronomicalobservations,
      title={PAPERCLIP: Associating Astronomical Observations and Natural Language with Multi-Modal Models}, 
      author={Siddharth Mishra-Sharma and Yiding Song and Jesse Thaler},
      year={2024},
      eprint={2403.08851},
      archivePrefix={arXiv},
      primaryClass={astro-ph.IM},
      url={https://arxiv.org/abs/2403.08851}, 
}

@misc{narkedimilli2024predictingstellarmetallicitycomparative,
      title={Predicting Stellar Metallicity: A Comparative Analysis of Regression Models for Solar Twin Stars}, 
      author={Sathwik Narkedimilli and Satvik Raghav and Sujith Makam and Prasanth Ayitapu and Aswath Babu H},
      year={2024},
      eprint={2410.06709},
      archivePrefix={arXiv},
      primaryClass={astro-ph.SR},
      url={https://arxiv.org/abs/2410.06709}, 
}

@misc{raghav2024photometricanalysispredictingstar,
      title={Photometric Analysis for Predicting Star Formation Rates in Large Galaxies Using Machine Learning and Deep Learning Techniques}, 
      author={Satvik Raghav and Prasanth Ayitapu and Sathwik Narkedimilli and Sujith Makam and Aswath Babu H},
      year={2024},
      eprint={2410.06736},
      archivePrefix={arXiv},
      primaryClass={astro-ph.GA},
      url={https://arxiv.org/abs/2410.06736}, 
}

@misc{gagunashvili2024dataunfoldingmeanintegrated,
      title={Data Unfolding with Mean Integrated Square Error Optimization}, 
      author={Nikolay D. Gagunashvili},
      year={2024},
      eprint={2402.12990},
      archivePrefix={arXiv},
      primaryClass={physics.data-an},
      doi={https://doi.org/10.1016/j.cpc.2024.109473},
      url={https://arxiv.org/abs/2402.12990}, 
}

@misc{prelogović2022machinelearningastrophysics21,
      title={Machine learning astrophysics from 21 cm lightcones: impact of network architectures and signal contamination}, 
      author={David Prelogović and Andrei Mesinger and Steven Murray and Giuseppe Fiameni and Nicolas Gillet},
      year={2022},
      eprint={2107.00018},
      archivePrefix={arXiv},
      primaryClass={astro-ph.CO},
      doi={https://doi.org/10.1093/mnras/stab3215},
      url={https://arxiv.org/abs/2107.00018}, 
}

@misc{narkedimilli2024predictingstellarmetallicitycomparative,
      title={Predicting Stellar Metallicity: A Comparative Analysis of Regression Models for Solar Twin Stars}, 
      author={Sathwik Narkedimilli and Satvik Raghav and Sujith Makam and Prasanth Ayitapu and Aswath Babu H},
      year={2024},
      eprint={2410.06709},
      archivePrefix={arXiv},
      primaryClass={astro-ph.SR},
      url={https://arxiv.org/abs/2410.06709}, 
}

@misc{monti2024leveragingdeeplearningtime,
      title={Leveraging Deep Learning for Time Series Extrinsic Regression in predicting photometric metallicity of Fundamental-mode RR Lyrae Stars}, 
      author={Lorenzo Monti and Tatiana Muraveva and Gisella Clementini and Alessia Garofalo},
      year={2024},
      eprint={2410.17906},
      archivePrefix={arXiv},
      primaryClass={cs.AI},
      doi={https://doi.org/10.3390/s24165203},
      url={https://arxiv.org/abs/2410.17906}, 
}

@misc{lue2025cosmologygalaxyautoencodinggalaxy,
      title={Cosmology with One Galaxy: Auto-Encoding the Galaxy Properties Manifold}, 
      author={Amanda Lue and Shy Genel and Marc Huertas-Company and Francisco Villaescusa-Navarro and Matthew Ho},
      year={2025},
      eprint={2502.17568},
      archivePrefix={arXiv},
      primaryClass={astro-ph.CO},
      url={https://arxiv.org/abs/2502.17568}, 
}

@misc{różański2024transformerpayneenhancingspectralemulation,
      title={TransformerPayne: enhancing spectral emulation accuracy and data efficiency by capturing long-range correlations}, 
      author={Tomasz Różański and Yuan-Sen Ting and Maja Jabłońska},
      year={2024},
      eprint={2407.05751},
      archivePrefix={arXiv},
      primaryClass={astro-ph.IM},
      url={https://arxiv.org/abs/2407.05751}, 
}

@misc{monti2024leveragingdeeplearningtime,
      title={Leveraging Deep Learning for Time Series Extrinsic Regression in predicting photometric metallicity of Fundamental-mode RR Lyrae Stars}, 
      author={Lorenzo Monti and Tatiana Muraveva and Gisella Clementini and Alessia Garofalo},
      year={2024},
      eprint={2410.17906},
      archivePrefix={arXiv},
      primaryClass={cs.AI},
      doi={https://doi.org/10.3390/s24165203},
      url={https://arxiv.org/abs/2410.17906}, 
}

@misc{tamamesrodero2025unveilingpoweruncertaintyjourney,
      title={Unveiling the Power of Uncertainty: A Journey into Bayesian Neural Networks for Stellar dating}, 
      author={Víctor Tamames-Rodero and Andrés Moya and Roberto Javier López and Luis Manuel Sarro},
      year={2025},
      eprint={2503.21153},
      archivePrefix={arXiv},
      primaryClass={astro-ph.IM},
      url={https://arxiv.org/abs/2503.21153}, 
}

@misc{fatheddin2022statisticalrelationmassage,
      title={A Statistical Relation between Mass, Age and Velocity Dispersion in the Solar Neighborhood}, 
      author={Hossein Fatheddin and Sedighe Sajadian},
      year={2022},
      eprint={2212.13349},
      archivePrefix={arXiv},
      primaryClass={astro-ph.GA},
      doi={https://doi.org/10.3847/1538-4357/acb548},
      url={https://arxiv.org/abs/2212.13349}, 
}

@misc{raghav2024photometricanalysispredictingstar,
      title={Photometric Analysis for Predicting Star Formation Rates in Large Galaxies Using Machine Learning and Deep Learning Techniques}, 
      author={Satvik Raghav and Prasanth Ayitapu and Sathwik Narkedimilli and Sujith Makam and Aswath Babu H},
      year={2024},
      eprint={2410.06736},
      archivePrefix={arXiv},
      primaryClass={astro-ph.GA},
      url={https://arxiv.org/abs/2410.06736}, 
}

@misc{orellana2013structureneutronstarsrsquared,
      title={Structure of neutron stars in R-squared gravity}, 
      author={Mariana Orellana and Federico García and Florencia Anabella Teppa Pannia and Gustavo Esteban Romero},
      year={2013},
      eprint={1301.5189},
      archivePrefix={arXiv},
      primaryClass={astro-ph.CO},
      doi={https://doi.org/10.1007/s10714-013-1501-5},
      url={https://arxiv.org/abs/1301.5189}, 
}

@misc{narkedimilli2024predictingstellarmetallicitycomparative,
      title={Predicting Stellar Metallicity: A Comparative Analysis of Regression Models for Solar Twin Stars}, 
      author={Sathwik Narkedimilli and Satvik Raghav and Sujith Makam and Prasanth Ayitapu and Aswath Babu H},
      year={2024},
      eprint={2410.06709},
      archivePrefix={arXiv},
      primaryClass={astro-ph.SR},
      url={https://arxiv.org/abs/2410.06709}, 
}

@misc{maurya2023statisticalanalysisdynamicalevolution,
      title={The statistical analysis of the dynamical evolution of the open clusters}, 
      author={Jayanand Maurya and Y. C. Joshi and Manash Ranjan Samal and Vineet Rawat and Anubha Singh Gour},
      year={2023},
      eprint={2304.10138},
      archivePrefix={arXiv},
      primaryClass={astro-ph.GA},
      doi={https://doi.org/10.1007/s12036-023-09959-3},
      url={https://arxiv.org/abs/2304.10138}, 
}

@misc{pannia2016structurecompactstarsrsquared,
      title={Structure of Compact Stars in R-squared Palatini Gravity}, 
      author={F. A. Teppa Pannia and F. García and S. E. Perez Bergliaffa and M. Orellana and G. E. Romero},
      year={2016},
      eprint={1607.03508},
      archivePrefix={arXiv},
      primaryClass={gr-qc},
      doi={https://doi.org/10.1007/s10714-016-2182-7},
      url={https://arxiv.org/abs/1607.03508}, 
}

@misc{raghav2024photometricanalysispredictingstar,
      title={Photometric Analysis for Predicting Star Formation Rates in Large Galaxies Using Machine Learning and Deep Learning Techniques}, 
      author={Satvik Raghav and Prasanth Ayitapu and Sathwik Narkedimilli and Sujith Makam and Aswath Babu H},
      year={2024},
      eprint={2410.06736},
      archivePrefix={arXiv},
      primaryClass={astro-ph.GA},
      url={https://arxiv.org/abs/2410.06736}, 
}

@misc{bringewald2025solarflareforecastcomparative,
      title={Solar Flare Forecast: A Comparative Analysis of Machine Learning Algorithms for Solar Flare Class Prediction}, 
      author={Julia Bringewald},
      year={2025},
      eprint={2505.03385},
      archivePrefix={arXiv},
      primaryClass={astro-ph.SR},
      url={https://arxiv.org/abs/2505.03385}, 
}

@misc{thorp2024dataspacevalidationhighdimensionalmodels,
      title={Data-Space Validation of High-Dimensional Models by Comparing Sample Quantiles}, 
      author={Stephen Thorp and Hiranya V. Peiris and Daniel J. Mortlock and Justin Alsing and Boris Leistedt and Sinan Deger},
      year={2024},
      eprint={2402.00930},
      archivePrefix={arXiv},
      primaryClass={astro-ph.IM},
      doi={https://doi.org/10.3847/1538-4365/ad8ebd},
      url={https://arxiv.org/abs/2402.00930}, 
}

@misc{huppenkothen2023constructingimpactfulmachinelearning,
      title={Constructing Impactful Machine Learning Research for Astronomy: Best Practices for Researchers and Reviewers}, 
      author={D. Huppenkothen and M. Ntampaka and M. Ho and M. Fouesneau and B. Nord and J. E. G. Peek and M. Walmsley and J. F. Wu and C. Avestruz and T. Buck and M. Brescia and D. P. Finkbeiner and A. D. Goulding and T. Kacprzak and P. Melchior and M. Pasquato and N. Ramachandra and Y. -S. Ting and G. van de Ven and S. Villar and V. A. Villar and E. Zinger},
      year={2023},
      eprint={2310.12528},
      archivePrefix={arXiv},
      primaryClass={astro-ph.IM},
      url={https://arxiv.org/abs/2310.12528}, 
}

@misc{raghav2024photometricanalysispredictingstar,
      title={Photometric Analysis for Predicting Star Formation Rates in Large Galaxies Using Machine Learning and Deep Learning Techniques}, 
      author={Satvik Raghav and Prasanth Ayitapu and Sathwik Narkedimilli and Sujith Makam and Aswath Babu H},
      year={2024},
      eprint={2410.06736},
      archivePrefix={arXiv},
      primaryClass={astro-ph.GA},
      url={https://arxiv.org/abs/2410.06736}, 
}

@misc{shi2025machinelearningpipelinehunting,
      title={A Machine Learning Pipeline for Hunting Hidden Axion Signals in Pulsar Dispersion Measurements}, 
      author={Haihao Shi and Zhenyang Huang and Qiyu Yan and Jun Li and Guoliang Lü and Xuefei Chen},
      year={2025},
      eprint={2505.16562},
      archivePrefix={arXiv},
      primaryClass={astro-ph.HE},
      url={https://arxiv.org/abs/2505.16562}, 
}

@misc{parker2024astroclipcrossmodalfoundationmodel,
      title={AstroCLIP: A Cross-Modal Foundation Model for Galaxies}, 
      author={Liam Parker and Francois Lanusse and Siavash Golkar and Leopoldo Sarra and Miles Cranmer and Alberto Bietti and Michael Eickenberg and Geraud Krawezik and Michael McCabe and Ruben Ohana and Mariel Pettee and Bruno Regaldo-Saint Blancard and Tiberiu Tesileanu and Kyunghyun Cho and Shirley Ho},
      year={2024},
      eprint={2310.03024},
      archivePrefix={arXiv},
      primaryClass={astro-ph.IM},
      doi={https://doi.org/10.1093/mnras/stae1450},
      url={https://arxiv.org/abs/2310.03024}, 
}

@misc{donosooliva2025astromer2,
      title={Astromer 2}, 
      author={Cristobal Donoso-Oliva and Ignacio Becker and Pavlos Protopapas and Guillermo Cabrera-Vives and Martina Cádiz-Leyton and Daniel Moreno-Cartagena},
      year={2025},
      eprint={2502.02717},
      archivePrefix={arXiv},
      primaryClass={astro-ph.IM},
      url={https://arxiv.org/abs/2502.02717}, 
}

@misc{yang2025blackholemimickersshapirofree,
      title={How black hole mimickers and Shapiro-free lenses signal effective dark matter}, 
      author={Lirui Yang and Will Barker and Tobias Mistele and Amel Durakovic},
      year={2025},
      eprint={2504.20144},
      archivePrefix={arXiv},
      primaryClass={gr-qc},
      url={https://arxiv.org/abs/2504.20144}, 
}

@misc{rouhiainen2024superresolutionemulationlargecosmological,
      title={Super-Resolution Emulation of Large Cosmological Fields with a 3D Conditional Diffusion Model}, 
      author={Adam Rouhiainen and Michael Gira and Moritz Münchmeyer and Kangwook Lee and Gary Shiu},
      year={2024},
      eprint={2311.05217},
      archivePrefix={arXiv},
      primaryClass={astro-ph.CO},
      url={https://arxiv.org/abs/2311.05217}, 
}

@misc{mendizábal2022fastfullyautomatedhistogramslargescale,
      title={Fast and fully-automated histograms for large-scale data sets}, 
      author={Valentina Zelaya Mendizábal and Marc Boullé and Fabrice Rossi},
      year={2022},
      eprint={2212.13524},
      archivePrefix={arXiv},
      primaryClass={cs.LG},
      doi={https://doi.org/10.1016/j.csda.2022.107668},
      url={https://arxiv.org/abs/2212.13524}, 
}

@misc{niu2025comparativeanalysisemceegaussian,
      title={Comparative Analysis of EMCEE, Gaussian Process, and Masked Autoregressive Flow in Constraining the Hubble Constant Using Cosmic Chronometers Dataset}, 
      author={Jing Niu and Jie-Feng Chen and Peng He and Tong-Jie Zhang},
      year={2025},
      eprint={2502.11625},
      archivePrefix={arXiv},
      primaryClass={astro-ph.CO},
      url={https://arxiv.org/abs/2502.11625}, 
}

@misc{appel2023setsstarformationrate,
      title={What Sets the Star Formation Rate of Molecular Clouds? The Density Distribution as a Fingerprint of Compression and Expansion Rates}, 
      author={Sabrina M. Appel and Blakesley Burkhart and Vadim A. Semenov and Christoph Federrath and Anna L. Rosen and Jonathan C. Tan},
      year={2023},
      eprint={2301.07723},
      archivePrefix={arXiv},
      primaryClass={astro-ph.GA},
      url={https://arxiv.org/abs/2301.07723}, 
}

@misc{newburger2023comparingoverlappingdatadistributions,
      title={Comparing Overlapping Data Distributions Using Visualization}, 
      author={Eric Newburger and Niklas Elmqvist},
      year={2023},
      eprint={2309.12667},
      archivePrefix={arXiv},
      primaryClass={cs.HC},
      doi={https://doi.org/10.1177/1473871623117373},
      url={https://arxiv.org/abs/2309.12667}, 
}

@misc{perry2024jcmtbistrosurveymagnetised,
      title={The JCMT BISTRO Survey: The magnetised evolution of star-forming cores in the Ophiuchus Molecular Cloud interpreted using Histograms of Relative Orientation}, 
      author={James P. Perry and Kate Pattle and Doug Johnstone and Woojin Kwon and Tyler Bourke and Eun Jung Chung and Simon Coudé and Yasuo Doi and Lapo Fanciullo and Jihye Hwang and Zacariyya A. Khan and Jungmi Kwon and Shih-Ping Lai and Valentin J. M. Le Gouellec and Chang Won Lee and Nagayoshi Ohashi and Sarah Sadavoy and Giorgio Savini and Ekta Sharma and Motohide Tamura},
      year={2024},
      eprint={2411.17659},
      archivePrefix={arXiv},
      primaryClass={astro-ph.GA},
      url={https://arxiv.org/abs/2411.17659}, 
}

@misc{larson2024predictingdarkmatterhalo,
      title={Predicting dark matter halo masses from simulated galaxy images and environments}, 
      author={Austin J. Larson and John F. Wu and Craig Jones},
      year={2024},
      eprint={2407.13735},
      archivePrefix={arXiv},
      primaryClass={astro-ph.CO},
      url={https://arxiv.org/abs/2407.13735}, 
}

@misc{zhao2025halosgalaxiesviimproved,
      title={From Halos to Galaxies. VI. Improved halo mass estimation for SDSS groups and measurement of the halo mass function}, 
      author={Dingyi Zhao and Yingjie Peng and Yipeng Jing and Xiaohu Yang and Luis C. Ho and Alvio Renzini and Anna R. Gallazzi and Cheqiu Lyu and Roberto Maiolino and Jing Dou and Zeyu Gao and Qiusheng Gu and Filippo Mannucci and Houjun Mo and Bitao Wang and Enci Wang and Kai Wang and Yu-Chen Wang and Bingxiao Xu and Feng Yuan and Xingye Zhu},
      year={2025},
      eprint={2408.12442},
      archivePrefix={arXiv},
      primaryClass={astro-ph.GA},
      doi={https://doi.org/10.3847/1538-4357/ad991f},
      url={https://arxiv.org/abs/2408.12442}, 
}

@misc{asgari2023halomodelcosmologypedagogical,
      title={The halo model for cosmology: a pedagogical review}, 
      author={Marika Asgari and Alexander J. Mead and Catherine Heymans},
      year={2023},
      eprint={2303.08752},
      archivePrefix={arXiv},
      primaryClass={astro-ph.CO},
      doi={https://doi.org/10.21105/astro.2303.08752},
      url={https://arxiv.org/abs/2303.08752}, 
}

@misc{wang2025testinggalaxyformationmodels,
      title={Testing galaxy formation models with the stellar mass-halo mass relations for star-forming and quiescent galaxies}, 
      author={Kai Wang and Yingjie Peng},
      year={2025},
      eprint={2408.07743},
      archivePrefix={arXiv},
      primaryClass={astro-ph.GA},
      doi={https://doi.org/10.3847/1538-4357/adaf1a},
      url={https://arxiv.org/abs/2408.07743}, 
}

@misc{lovell2020halomassfunctionalternative,
      title={The halo mass function in alternative dark matter models}, 
      author={M. R. Lovell},
      year={2020},
      eprint={1911.11785},
      archivePrefix={arXiv},
      primaryClass={astro-ph.CO},
      doi={https://doi.org/10.1093/mnrasl/slaa005},
      url={https://arxiv.org/abs/1911.11785}, 
}

@misc{wang2023qitairadiotelescope,
      title={The Qitai Radio Telescope}, 
      author={Na Wang and Qian Xu and Jun Ma and Zhiyong Liu and Qi Liu and Hailong Zhang and Xin Pei and Maozheng Chen and Richard N. Manchester and Kejia Lee and Xingwu Zheng and Hans J. Kärcher and Wulin Zhao and Hongwei Li and Dongwei Li and Martin Süss and Matthias Reichert and Zhongyi Zhu and Congsi Wang and Mingshuai Li and Rui Li and Ning Li and Guljaina Kazezkhan and Wenming Yan and Gang Wu and Lang Cui and Ming Zhang and Haitao Li},
      year={2023},
      eprint={2310.07163},
      archivePrefix={arXiv},
      primaryClass={astro-ph.IM},
      doi={https://doi.org/10.1007/s11433-023-2131-1},
      url={https://arxiv.org/abs/2310.07163}, 
}

@misc{ye2024quantizedtensornetworkssolving,
      title={Quantized tensor networks for solving the Vlasov-Maxwell equations}, 
      author={Erika Ye and Nuno Loureiro},
      year={2024},
      eprint={2311.07756},
      archivePrefix={arXiv},
      primaryClass={physics.comp-ph},
      url={https://arxiv.org/abs/2311.07756}, 
}

@misc{shi2025machinelearningpipelinehunting,
      title={A Machine Learning Pipeline for Hunting Hidden Axion Signals in Pulsar Dispersion Measurements}, 
      author={Haihao Shi and Zhenyang Huang and Qiyu Yan and Jun Li and Guoliang Lü and Xuefei Chen},
      year={2025},
      eprint={2505.16562},
      archivePrefix={arXiv},
      primaryClass={astro-ph.HE},
      url={https://arxiv.org/abs/2505.16562}, 
}

@misc{ye2024quantizedtensornetworkssolving,
      title={Quantized tensor networks for solving the Vlasov-Maxwell equations}, 
      author={Erika Ye and Nuno Loureiro},
      year={2024},
      eprint={2311.07756},
      archivePrefix={arXiv},
      primaryClass={physics.comp-ph},
      url={https://arxiv.org/abs/2311.07756}, 
}

@misc{wang2024aiunderstanduniversetest,
      title={Can AI Understand Our Universe? Test of Fine-Tuning GPT by Astrophysical Data}, 
      author={Yu Wang and Shu-Rui Zhang and Aidin Momtaz and Rahim Moradi and Fatemeh Rastegarnia and Narek Sahakyan and Soroush Shakeri and Liang Li},
      year={2024},
      eprint={2404.10019},
      archivePrefix={arXiv},
      primaryClass={astro-ph.IM},
      url={https://arxiv.org/abs/2404.10019}, 
}

@misc{shi2025machinelearningpipelinehunting,
      title={A Machine Learning Pipeline for Hunting Hidden Axion Signals in Pulsar Dispersion Measurements}, 
      author={Haihao Shi and Zhenyang Huang and Qiyu Yan and Jun Li and Guoliang Lü and Xuefei Chen},
      year={2025},
      eprint={2505.16562},
      archivePrefix={arXiv},
      primaryClass={astro-ph.HE},
      url={https://arxiv.org/abs/2505.16562}, 
}

@misc{ye2024quantizedtensornetworkssolving,
      title={Quantized tensor networks for solving the Vlasov-Maxwell equations}, 
      author={Erika Ye and Nuno Loureiro},
      year={2024},
      eprint={2311.07756},
      archivePrefix={arXiv},
      primaryClass={physics.comp-ph},
      url={https://arxiv.org/abs/2311.07756}, 
}

@misc{wang2024aiunderstanduniversetest,
      title={Can AI Understand Our Universe? Test of Fine-Tuning GPT by Astrophysical Data}, 
      author={Yu Wang and Shu-Rui Zhang and Aidin Momtaz and Rahim Moradi and Fatemeh Rastegarnia and Narek Sahakyan and Soroush Shakeri and Liang Li},
      year={2024},
      eprint={2404.10019},
      archivePrefix={arXiv},
      primaryClass={astro-ph.IM},
      url={https://arxiv.org/abs/2404.10019}, 
}

@misc{tusay2025disintegratingrockyworldshrouded,
      title={A Disintegrating Rocky World Shrouded in Dust and Gas: Mid-IR Observations of K2-22b using JWST}, 
      author={Nick Tusay and Jason T. Wright and Thomas G. Beatty and Steve Desch and Knicole Colón and Tushar Mittal and Hugh P. Osborn and Beatriz Campos Estrada and James E. Owen and Jessica Libby-Roberts and Arvind F. Gupta and Brad Foley and Erik Meier Valdés and Daniel J. Stevens and Ashley Herbst},
      year={2025},
      eprint={2501.08301},
      archivePrefix={arXiv},
      primaryClass={astro-ph.EP},
      url={https://arxiv.org/abs/2501.08301}, 
}

@misc{yang2025blackholemimickersshapirofree,
      title={How black hole mimickers and Shapiro-free lenses signal effective dark matter}, 
      author={Lirui Yang and Will Barker and Tobias Mistele and Amel Durakovic},
      year={2025},
      eprint={2504.20144},
      archivePrefix={arXiv},
      primaryClass={gr-qc},
      url={https://arxiv.org/abs/2504.20144}, 
}

@misc{baker2025significantchallengesastrophysicalinference,
      title={Significant challenges for astrophysical inference with next-generation gravitational-wave observatories}, 
      author={A. Makai Baker and Paul D. Lasky and Eric Thrane and Jacob Golomb},
      year={2025},
      eprint={2503.04073},
      archivePrefix={arXiv},
      primaryClass={gr-qc},
      url={https://arxiv.org/abs/2503.04073}, 
}

@misc{daiß2024asynchronousmanytasksystemschallengesopportunities,
      title={Asynchronous-Many-Task Systems: Challenges and Opportunities -- Scaling an AMR Astrophysics Code on Exascale machines using Kokkos and HPX}, 
      author={Gregor Daiß and Patrick Diehl and Jiakun Yan and John K. Holmen and Rahulkumar Gayatri and Christoph Junghans and Alexander Straub and Jeff R. Hammond and Dominic Marcello and Miwako Tsuji and Dirk Pflüger and Hartmut Kaiser},
      year={2024},
      eprint={2412.15518},
      archivePrefix={arXiv},
      primaryClass={cs.DC},
      url={https://arxiv.org/abs/2412.15518}, 
}

@misc{zingale2024challengesmodelingastrophysicalreacting,
      title={The Challenges of Modeling Astrophysical Reacting Flows}, 
      author={Michael Zingale and Khanak Bhargava and Ryan Brady and Zhi Chen and Simon Guichandut and Eric T. Johnson and Max Katz and Alexander Smith Clark},
      year={2024},
      eprint={2411.12491},
      archivePrefix={arXiv},
      primaryClass={astro-ph.IM},
      url={https://arxiv.org/abs/2411.12491}, 
}

@misc{pasquini2025reviewdetectorrequirementschallenges,
      title={Review of detector requirements: some challenges for the present}, 
      author={Luca Pasquini and Dinko Milaković},
      year={2025},
      eprint={2405.14955},
      archivePrefix={arXiv},
      primaryClass={astro-ph.IM},
      doi={https://doi.org/10.1117/1.JATIS.11.1.011207},
      url={https://arxiv.org/abs/2405.14955}, 
}

@misc{ye2024quantizedtensornetworkssolving,
      title={Quantized tensor networks for solving the Vlasov-Maxwell equations}, 
      author={Erika Ye and Nuno Loureiro},
      year={2024},
      eprint={2311.07756},
      archivePrefix={arXiv},
      primaryClass={physics.comp-ph},
      url={https://arxiv.org/abs/2311.07756}, 
}

@misc{shi2025machinelearningpipelinehunting,
      title={A Machine Learning Pipeline for Hunting Hidden Axion Signals in Pulsar Dispersion Measurements}, 
      author={Haihao Shi and Zhenyang Huang and Qiyu Yan and Jun Li and Guoliang Lü and Xuefei Chen},
      year={2025},
      eprint={2505.16562},
      archivePrefix={arXiv},
      primaryClass={astro-ph.HE},
      url={https://arxiv.org/abs/2505.16562}, 
}

@misc{leung2023improvinghawcdarkmatter,
      title={Improving HAWC dark matter constraints with Inverse-Compton Emission}, 
      author={Dylan M. H. Leung and Kenny C. Y. Ng},
      year={2023},
      eprint={2312.08989},
      archivePrefix={arXiv},
      primaryClass={astro-ph.HE},
      url={https://arxiv.org/abs/2312.08989}, 
}

@misc{vincent2019highenergyneutrinoattenuationearth,
      title={High-energy neutrino attenuation in the Earth and its associated uncertainties}, 
      author={Aaron C. Vincent and Carlos A. Argüelles and Ali Kheirandish},
      year={2019},
      eprint={1706.09895},
      archivePrefix={arXiv},
      primaryClass={hep-ph},
      doi={https://doi.org/10.1088/1475-7516/2017/11/012},
      url={https://arxiv.org/abs/1706.09895}, 
}

@misc{ye2024quantizedtensornetworkssolving,
      title={Quantized tensor networks for solving the Vlasov-Maxwell equations}, 
      author={Erika Ye and Nuno Loureiro},
      year={2024},
      eprint={2311.07756},
      archivePrefix={arXiv},
      primaryClass={physics.comp-ph},
      url={https://arxiv.org/abs/2311.07756}, 
}

@misc{shi2025machinelearningpipelinehunting,
      title={A Machine Learning Pipeline for Hunting Hidden Axion Signals in Pulsar Dispersion Measurements}, 
      author={Haihao Shi and Zhenyang Huang and Qiyu Yan and Jun Li and Guoliang Lü and Xuefei Chen},
      year={2025},
      eprint={2505.16562},
      archivePrefix={arXiv},
      primaryClass={astro-ph.HE},
      url={https://arxiv.org/abs/2505.16562}, 
}

@misc{barreto2018rionewcomputationalframework,
      title={Rio: A new computational framework for accurate initial data of binary black holes}, 
      author={W. Barreto and P. C. M. Clemente and H. P. de Oliveira and B. Rodriguez-Mueller},
      year={2018},
      eprint={1803.05833},
      archivePrefix={arXiv},
      primaryClass={gr-qc},
      doi={https://doi.org/10.1007/s10714-018-2393-1},
      url={https://arxiv.org/abs/1803.05833}, 
}

@misc{ravlic2021evolutionbetadecayhalflivesfinitetemperatures,
      title={Evolution of $\beta$-decay half-lives at finite-temperatures}, 
      author={A. Ravlic and E. Yuksel and Y. F. Niu and N. Paar},
      year={2021},
      eprint={2010.06394},
      archivePrefix={arXiv},
      primaryClass={nucl-th},
      url={https://arxiv.org/abs/2010.06394}, 
}

@misc{cerino2023hyperparameteroptimizationhpgreedyreduced,
      title={Hyperparameter optimization of hp-greedy reduced basis for gravitational wave surrogates}, 
      author={Franco Cerino and Andrés Diaz-Pace and Emmanuel Tassone and Manuel Tiglio and Atuel Villegas},
      year={2023},
      eprint={2310.15143},
      archivePrefix={arXiv},
      primaryClass={gr-qc},
      url={https://arxiv.org/abs/2310.15143}, 
}

@misc{fowler2024futurelooksdarkimproving,
      title={The future looks dark: improving high contrast imaging with hyper-parameter optimization for data-driven predictive wavefront control}, 
      author={J. Fowler and Rebecca Jensen-Clem and Maaike A. M. van Kooten and Vincent Chambouleyron and Sylvain Cetre},
      year={2024},
      eprint={2407.11187},
      archivePrefix={arXiv},
      primaryClass={astro-ph.IM},
      url={https://arxiv.org/abs/2407.11187}, 
}

@misc{fowler2024futurelooksdarkimproving,
      title={The future looks dark: improving high contrast imaging with hyper-parameter optimization for data-driven predictive wavefront control}, 
      author={J. Fowler and Rebecca Jensen-Clem and Maaike A. M. van Kooten and Vincent Chambouleyron and Sylvain Cetre},
      year={2024},
      eprint={2407.11187},
      archivePrefix={arXiv},
      primaryClass={astro-ph.IM},
      url={https://arxiv.org/abs/2407.11187}, 
}

@misc{gómezvargas2024deeplearninggeneticalgorithms,
      title={Deep Learning and genetic algorithms for cosmological Bayesian inference speed-up}, 
      author={Isidro Gómez-Vargas and J. Alberto Vázquez},
      year={2024},
      eprint={2405.03293},
      archivePrefix={arXiv},
      primaryClass={astro-ph.IM},
      doi={https://doi.org/10.1103/PhysRevD.110.083518},
      url={https://arxiv.org/abs/2405.03293}, 
}

@misc{thomas2025optimizingneuralnetworksurrogate,
      title={Optimizing Neural Network Surrogate Models: Application to Black Hole Merger Remnants}, 
      author={Lucy M. Thomas and Katerina Chatziioannou and Vijay Varma and Scott E. Field},
      year={2025},
      eprint={2501.16462},
      archivePrefix={arXiv},
      primaryClass={gr-qc},
      doi={https://doi.org/10.1103/PhysRevD.111.104029},
      url={https://arxiv.org/abs/2501.16462}, 
}

@misc{hoyle2015featureimportancemachinelearning,
      title={Feature importance for machine learning redshifts applied to SDSS galaxies}, 
      author={Ben Hoyle and Markus Michael Rau and Roman Zitlau and Stella Seitz and Jochen Weller},
      year={2015},
      eprint={1410.4696},
      archivePrefix={arXiv},
      primaryClass={astro-ph.IM},
      doi={https://doi.org/10.1093/mnras/stv373},
      url={https://arxiv.org/abs/1410.4696}, 
}

@misc{disanto2016analysisfeaturerelevanceclassification,
      title={An analysis of feature relevance in the classification of astronomical transients with machine learning methods}, 
      author={Antonio D'Isanto and Stefano Cavuoti and Massimo Brescia and Ciro Donalek and Giuseppe Longo and Giuseppe Riccio and Stanislav G. Djorgovski},
      year={2016},
      eprint={1601.03931},
      archivePrefix={arXiv},
      primaryClass={astro-ph.IM},
      doi={https://doi.org/10.1093/mnras/stw157},
      url={https://arxiv.org/abs/1601.03931}, 
}

@misc{meng2021machinelearninginterpretationcorrelation,
      title={Machine Learning interpretation of the correlation between infrared emission features of interstellar polycyclic aromatic hydrocarbons}, 
      author={Zhisen Meng and Xiaosi Zhu and Peter Kovacs and Enwei Liang and Zhao Wang},
      year={2021},
      eprint={2110.03834},
      archivePrefix={arXiv},
      primaryClass={astro-ph.GA},
      doi={https://doi.org/10.3847/1538-4357/ac2c78},
      url={https://arxiv.org/abs/2110.03834}, 
}

@misc{ramos2024fastneuralemulatorinterstellar,
      title={A fast neural emulator for interstellar chemistry}, 
      author={A. Asensio Ramos and C. Westendorp Plaza and D. Navarro-Almaida and P. Rivière-Marichalar and V. Wakelam and A. Fuente},
      year={2024},
      eprint={2406.02387},
      archivePrefix={arXiv},
      primaryClass={astro-ph.IM},
      url={https://arxiv.org/abs/2406.02387}, 
}

\end{document}
                