@misc{robles2022deeplearningapproachhalo,
      title={A deep learning approach to halo merger tree construction}, 
      author={Sandra Robles and Jonathan S. Gómez and Adín Ramírez Rivera and Nelson D. Padilla and Diego Dujovne},
      year={2022},
      eprint={2205.15988},
      archivePrefix={arXiv},
      primaryClass={astro-ph.GA},
      doi={https://doi.org/10.1093/mnras/stac1569},
      url={https://arxiv.org/abs/2205.15988}, 
}

@misc{jespersen2022textttmangrovelearninggalaxyproperties,
      title={$\texttt{Mangrove}$: Learning Galaxy Properties from Merger Trees}, 
      author={Christian Kragh Jespersen and Miles Cranmer and Peter Melchior and Shirley Ho and Rachel S. Somerville and Austen Gabrielpillai},
      year={2022},
      eprint={2210.13473},
      archivePrefix={arXiv},
      primaryClass={astro-ph.GA},
      doi={https://doi.org/10.3847/1538-4357/ac9b18},
      url={https://arxiv.org/abs/2210.13473}, 
}

@misc{geda2025constructingmergertreesdensity,
      title={Constructing Merger Trees of Density Peaks Using Phase-Space Watershed Segmentation Algorithm}, 
      author={Robel Geda and Romain Teyssier},
      year={2025},
      eprint={2501.08399},
      archivePrefix={arXiv},
      primaryClass={astro-ph.GA},
      doi={https://doi.org/10.1093/mnras/staf016},
      url={https://arxiv.org/abs/2501.08399}, 
}

@misc{jung2024mergertreebasedgalaxymatching,
      title={Merger Tree-based Galaxy Matching: A Comparative Study Across Different Resolutions}, 
      author={Minyong Jung and Ji-hoon Kim and Boon Kiat Oh and Sungwook E. Hong and Jaehyun Lee and Juhan Kim},
      year={2024},
      eprint={2312.02466},
      archivePrefix={arXiv},
      primaryClass={astro-ph.GA},
      doi={https://doi.org/10.3847/1538-4357/ad34d1},
      url={https://arxiv.org/abs/2312.02466}, 
}

@misc{parkinson2007generatingdarkmatterhalo,
      title={Generating Dark Matter Halo Merger Trees}, 
      author={Hannah Parkinson and Shaun Cole and John Helly},
      year={2007},
      eprint={0708.1382},
      archivePrefix={arXiv},
      primaryClass={astro-ph},
      doi={https://doi.org/10.1111/j.1365-2966.2007.12517.x},
      url={https://arxiv.org/abs/0708.1382}, 
}

@misc{nadler2023growinggalaxiesmergertrees,
      title={Growing the First Galaxies' Merger Trees}, 
      author={Ethan O. Nadler and Andrew Benson and Trey Driskell and Xiaolong Du and Vera Gluscevic},
      year={2023},
      eprint={2212.08584},
      archivePrefix={arXiv},
      primaryClass={astro-ph.GA},
      doi={https://doi.org/10.1093/mnras/stad666},
      url={https://arxiv.org/abs/2212.08584}, 
}

@misc{jung2024mergertreebasedgalaxymatching,
      title={Merger Tree-based Galaxy Matching: A Comparative Study Across Different Resolutions}, 
      author={Minyong Jung and Ji-hoon Kim and Boon Kiat Oh and Sungwook E. Hong and Jaehyun Lee and Juhan Kim},
      year={2024},
      eprint={2312.02466},
      archivePrefix={arXiv},
      primaryClass={astro-ph.GA},
      doi={https://doi.org/10.3847/1538-4357/ad34d1},
      url={https://arxiv.org/abs/2312.02466}, 
}

@misc{chandrogómez2025accuracydarkmatterhalo,
      title={On the accuracy of dark matter halo merger trees and the consequences for semi-analytic models of galaxy formation}, 
      author={Ángel Chandro-Gómez and Claudia del P. Lagos and Chris Power and Victor J. Forouhar Moreno and John C. Helly and Cedric G. Lacey and Robert J. McGibbon and Matthieu Schaller and Joop Schaye},
      year={2025},
      eprint={2501.07677},
      archivePrefix={arXiv},
      primaryClass={astro-ph.GA},
      doi={https://doi.org/10.1093/mnras/staf519},
      url={https://arxiv.org/abs/2501.07677}, 
}

@misc{geda2025constructingmergertreesdensity,
      title={Constructing Merger Trees of Density Peaks Using Phase-Space Watershed Segmentation Algorithm}, 
      author={Robel Geda and Romain Teyssier},
      year={2025},
      eprint={2501.08399},
      archivePrefix={arXiv},
      primaryClass={astro-ph.GA},
      doi={https://doi.org/10.1093/mnras/staf016},
      url={https://arxiv.org/abs/2501.08399}, 
}

@misc{bose2022constructinghighfidelityhalomerger,
      title={Constructing high-fidelity halo merger trees in AbacusSummit}, 
      author={Sownak Bose and Daniel J. Eisenstein and Boryana Hadzhiyska and Lehman H. Garrison and Sihan Yuan},
      year={2022},
      eprint={2110.11409},
      archivePrefix={arXiv},
      primaryClass={astro-ph.CO},
      doi={https://doi.org/10.1093/mnras/stac555},
      url={https://arxiv.org/abs/2110.11409}, 
}

@misc{casado2024multimodalphotometryspectroscopynew,
      title={Multimodal photometry and spectroscopy: a new approach to data analysis in Astrophysics}, 
      author={Johanna Casado and Beatriz García},
      year={2024},
      eprint={2404.17720},
      archivePrefix={arXiv},
      primaryClass={astro-ph.IM},
      url={https://arxiv.org/abs/2404.17720}, 
}

@misc{haghighi2023analyzingastronomicaldatamachine,
      title={Analyzing Astronomical Data with Machine Learning Techniques}, 
      author={Mohammad H. Zhoolideh Haghighi},
      year={2023},
      eprint={2302.11573},
      archivePrefix={arXiv},
      primaryClass={astro-ph.IM},
      url={https://arxiv.org/abs/2302.11573}, 
}

@misc{kent2017editorialtechniquesmethodsastrophysical,
      title={Editorial: Techniques and Methods for Astrophysical Data Visualization}, 
      author={Brian R. Kent},
      year={2017},
      eprint={1705.01483},
      archivePrefix={arXiv},
      primaryClass={astro-ph.IM},
      doi={https://doi.org/10.1088/1538-3873/aa5fa6},
      url={https://arxiv.org/abs/1705.01483}, 
}

@misc{casado2024multimodalphotometryspectroscopynew,
      title={Multimodal photometry and spectroscopy: a new approach to data analysis in Astrophysics}, 
      author={Johanna Casado and Beatriz García},
      year={2024},
      eprint={2404.17720},
      archivePrefix={arXiv},
      primaryClass={astro-ph.IM},
      url={https://arxiv.org/abs/2404.17720}, 
}

@misc{giri2025astronomycalcpythontoolkitteaching,
      title={AstronomyCalc: A python toolkit for teaching Astronomical Calculations and Data Analysis methods}, 
      author={Sambit K. Giri},
      year={2025},
      eprint={2501.05491},
      archivePrefix={arXiv},
      primaryClass={physics.ed-ph},
      url={https://arxiv.org/abs/2501.05491}, 
}

@misc{onose2016scalablesplittingalgorithmsbigdata,
      title={Scalable splitting algorithms for big-data interferometric imaging in the SKA era}, 
      author={Alexandru Onose and Rafael E. Carrillo and Audrey Repetti and Jason D. McEwen and Jean-Philippe Thiran and Jean-Christophe Pesquet and Yves Wiaux},
      year={2016},
      eprint={1601.04026},
      archivePrefix={arXiv},
      primaryClass={astro-ph.IM},
      doi={https://doi.org/10.1093/mnras/stw1859},
      url={https://arxiv.org/abs/1601.04026}, 
}

@misc{2ptcollaboration2024parametermaskedmockdatachallenge,
      title={A Parameter-Masked Mock Data Challenge for Beyond-Two-Point Galaxy Clustering Statistics}, 
      author={2pt Collaboration and Elisabeth Krause and Yosuke Kobayashi and Andrés N. Salcedo and Mikhail M. Ivanov and Tom Abel and Kazuyuki Akitsu and Raul E. Angulo and Giovanni Cabass and Sofia Contarini and Carolina Cuesta-Lazaro and ChangHoon Hahn and Nico Hamaus and Donghui Jeong and Chirag Modi and Nhat-Minh Nguyen and Takahiro Nishimichi and Enrique Paillas and Marcos Pellejero Ibañez and Oliver H. E. Philcox and Alice Pisani and Fabian Schmidt and Satoshi Tanaka and Giovanni Verza and Sihan Yuan and Matteo Zennaro},
      year={2024},
      eprint={2405.02252},
      archivePrefix={arXiv},
      primaryClass={astro-ph.CO},
      url={https://arxiv.org/abs/2405.02252}, 
}

@misc{frailis2004perspectsastrophysicaldatabases,
      title={Perspects in astrophysical databases}, 
      author={M. Frailis and A. De Angelis and V. Roberto},
      year={2004},
      eprint={cs/0402016},
      archivePrefix={arXiv},
      primaryClass={cs.DB},
      doi={https://doi.org/10.1016/j.physa.2004.02.024},
      url={https://arxiv.org/abs/cs/0402016}, 
}

@misc{bernal2016parametersplittingdarkenergy,
      title={Parameter splitting in dark energy: is dark energy the same in the background and in the cosmic structures?}, 
      author={José Luis Bernal and Licia Verde and Antonio J. Cuesta},
      year={2016},
      eprint={1511.03049},
      archivePrefix={arXiv},
      primaryClass={astro-ph.CO},
      doi={https://doi.org/10.1088/1475-7516/2016/02/059},
      url={https://arxiv.org/abs/1511.03049}, 
}

@misc{bhowmik2024imageprocessinganalysismultiple,
      title={Image Processing and Analysis of Multiple Wavelength Astronomical Data Using Python Tools}, 
      author={Tanmoy Bhowmik and MD Fardin Islam and Kazi Nusrat Tasneem and Rantideb Roy and Rownok Shahariar},
      year={2024},
      eprint={2410.06573},
      archivePrefix={arXiv},
      primaryClass={astro-ph.IM},
      url={https://arxiv.org/abs/2410.06573}, 
}

@misc{grigorenko2020asymptoticnormalizationcoefficientmethod,
      title={Asymptotic normalization coefficient method for two-proton radiative capture}, 
      author={L. V. Grigorenko and Yu. L. Parfenova and N. B. Shulgina and M. V. Zhukov},
      year={2020},
      eprint={2007.13139},
      archivePrefix={arXiv},
      primaryClass={nucl-th},
      doi={https://doi.org/10.1016/j.physletb.2020.135852},
      url={https://arxiv.org/abs/2007.13139}, 
}

@misc{white1995cobenormalizationcmbanisotropies,
      title={The COBE Normalization of CMB Anisotropies}, 
      author={Martin White and Emory F. Bunn},
      year={1995},
      eprint={astro-ph/9503054},
      archivePrefix={arXiv},
      primaryClass={astro-ph},
      doi={https://doi.org/10.1086/176158},
      url={https://arxiv.org/abs/astro-ph/9503054}, 
}

@misc{różański2021suppnetneuralnetworkstellar,
      title={SUPPNet: Neural network for stellar spectrum normalisation}, 
      author={Tomasz Różański and Ewa Niemczura and Jakub Lemiesz and Natalia Posiłek and Paweł Różański},
      year={2021},
      eprint={2111.15052},
      archivePrefix={arXiv},
      primaryClass={astro-ph.IM},
      doi={https://doi.org/10.1051/0004-6361/202141480},
      url={https://arxiv.org/abs/2111.15052}, 
}

@misc{stonemartinez2025starflowleveragingnormalizingflows,
      title={StarFlow: Leveraging Normalizing Flows for Stellar Age Estimation in SDSS-V DR19}, 
      author={Alexander Stone-Martinez and Jon A. Holtzman and Yuxi and Lu and Sten Hasselquist. Julie Imig and Emily J. Griffith and Earl Bellinger and Andrew K. Saydjari},
      year={2025},
      eprint={2503.03138},
      archivePrefix={arXiv},
      primaryClass={astro-ph.SR},
      url={https://arxiv.org/abs/2503.03138}, 
}

@misc{jespersen2022textttmangrovelearninggalaxyproperties,
      title={$\texttt{Mangrove}$: Learning Galaxy Properties from Merger Trees}, 
      author={Christian Kragh Jespersen and Miles Cranmer and Peter Melchior and Shirley Ho and Rachel S. Somerville and Austen Gabrielpillai},
      year={2022},
      eprint={2210.13473},
      archivePrefix={arXiv},
      primaryClass={astro-ph.GA},
      doi={https://doi.org/10.3847/1538-4357/ac9b18},
      url={https://arxiv.org/abs/2210.13473}, 
}

@misc{robles2022deeplearningapproachhalo,
      title={A deep learning approach to halo merger tree construction}, 
      author={Sandra Robles and Jonathan S. Gómez and Adín Ramírez Rivera and Nelson D. Padilla and Diego Dujovne},
      year={2022},
      eprint={2205.15988},
      archivePrefix={arXiv},
      primaryClass={astro-ph.GA},
      doi={https://doi.org/10.1093/mnras/stac1569},
      url={https://arxiv.org/abs/2205.15988}, 
}

@misc{jung2024mergertreebasedgalaxymatching,
      title={Merger Tree-based Galaxy Matching: A Comparative Study Across Different Resolutions}, 
      author={Minyong Jung and Ji-hoon Kim and Boon Kiat Oh and Sungwook E. Hong and Jaehyun Lee and Juhan Kim},
      year={2024},
      eprint={2312.02466},
      archivePrefix={arXiv},
      primaryClass={astro-ph.GA},
      doi={https://doi.org/10.3847/1538-4357/ad34d1},
      url={https://arxiv.org/abs/2312.02466}, 
}

@misc{gómez2021halomergertreecomparison,
      title={Halo Merger Tree Comparison: Impact on Galaxy Formation Models}, 
      author={Jonathan S. Gómez and Nelson D. Padilla and John C. Helly and Cedric G. Lacey and Carlton M. Baugh and Claudia del P. Lagos},
      year={2021},
      eprint={2106.12664},
      archivePrefix={arXiv},
      primaryClass={astro-ph.GA},
      doi={https://doi.org/10.1093/mnras/stab3661},
      url={https://arxiv.org/abs/2106.12664}, 
}

@misc{bose2022constructinghighfidelityhalomerger,
      title={Constructing high-fidelity halo merger trees in AbacusSummit}, 
      author={Sownak Bose and Daniel J. Eisenstein and Boryana Hadzhiyska and Lehman H. Garrison and Sihan Yuan},
      year={2022},
      eprint={2110.11409},
      archivePrefix={arXiv},
      primaryClass={astro-ph.CO},
      doi={https://doi.org/10.1093/mnras/stac555},
      url={https://arxiv.org/abs/2110.11409}, 
}

@misc{desouza2023graphbasedspectralclassificationtype,
      title={A graph-based spectral classification of Type II supernovae}, 
      author={Rafael S. de Souza and Stephen Thorp and Lluís Galbany and Emille E. O. Ishida and Santiago González-Gaitán and Morgan A. Schmitz and Alberto Krone-Martins and Christina Peters},
      year={2023},
      eprint={2206.14335},
      archivePrefix={arXiv},
      primaryClass={astro-ph.IM},
      doi={https://doi.org/10.1016/j.ascom.2023.100715},
      url={https://arxiv.org/abs/2206.14335}, 
}

@misc{casado2024multimodalphotometryspectroscopynew,
      title={Multimodal photometry and spectroscopy: a new approach to data analysis in Astrophysics}, 
      author={Johanna Casado and Beatriz García},
      year={2024},
      eprint={2404.17720},
      archivePrefix={arXiv},
      primaryClass={astro-ph.IM},
      url={https://arxiv.org/abs/2404.17720}, 
}

@misc{pavlou2023graphtheoreticalanalysislocal,
      title={Graph Theoretical Analysis of local ultraluminous infrared galaxies and quasars}, 
      author={Orestis Pavlou and Ioannis Michos and Vicky Papadopoulou Lesta and Michalis Papadopoulos and Evangelos S. Papaefthymiou and Andreas Efstathiou},
      year={2023},
      eprint={2307.14746},
      archivePrefix={arXiv},
      primaryClass={astro-ph.GA},
      doi={https://doi.org/10.1016/j.ascom.2023.100742},
      url={https://arxiv.org/abs/2307.14746}, 
}

@misc{ma2025characterizingdarkmattersubhalo,
      title={Towards characterizing dark matter subhalo perturbations in stellar streams with graph neural networks}, 
      author={Peter Xiangyuan Ma and Keir K. Rogers and Ting S. Li and Renée Hložek and Jeremy Webb and Ruth Huang and Julian Meunier},
      year={2025},
      eprint={2502.03522},
      archivePrefix={arXiv},
      primaryClass={astro-ph.GA},
      url={https://arxiv.org/abs/2502.03522}, 
}

@misc{ma2025characterizingdarkmattersubhalo,
      title={Towards characterizing dark matter subhalo perturbations in stellar streams with graph neural networks}, 
      author={Peter Xiangyuan Ma and Keir K. Rogers and Ting S. Li and Renée Hložek and Jeremy Webb and Ruth Huang and Julian Meunier},
      year={2025},
      eprint={2502.03522},
      archivePrefix={arXiv},
      primaryClass={astro-ph.GA},
      url={https://arxiv.org/abs/2502.03522}, 
}

@misc{berger2017visualizingtimevaryingparticleflows,
      title={Visualizing Time-Varying Particle Flows with Diffusion Geometry}, 
      author={Matthew Berger and Joshua A. Levine},
      year={2017},
      eprint={1708.03686},
      archivePrefix={arXiv},
      primaryClass={cs.GR},
      url={https://arxiv.org/abs/1708.03686}, 
}

@misc{jagvaral2023unifiedframeworkdiffusiongenerative,
      title={Unified framework for diffusion generative models in SO(3): applications in computer vision and astrophysics}, 
      author={Yesukhei Jagvaral and Francois Lanusse and Rachel Mandelbaum},
      year={2023},
      eprint={2312.11707},
      archivePrefix={arXiv},
      primaryClass={cs.LG},
      url={https://arxiv.org/abs/2312.11707}, 
}

@misc{jagvaral2024geometricdeeplearninggalaxyhalo,
      title={Geometric deep learning for galaxy-halo connection: a case study for galaxy intrinsic alignments}, 
      author={Yesukhei Jagvaral and Francois Lanusse and Rachel Mandelbaum},
      year={2024},
      eprint={2409.18761},
      archivePrefix={arXiv},
      primaryClass={astro-ph.GA},
      url={https://arxiv.org/abs/2409.18761}, 
}

@misc{roszkowski2001diffusionscalarfieldenergy,
      title={Diffusion of the scalar field energy due to the backscattering off Schwarzschild geometry}, 
      author={Krzysztof Roszkowski},
      year={2001},
      eprint={astro-ph/0103139},
      archivePrefix={arXiv},
      primaryClass={astro-ph},
      doi={https://doi.org/10.1088/0264-9381/18/12/305},
      url={https://arxiv.org/abs/astro-ph/0103139}, 
}

@misc{basquens2024spacetimesymmetriesgeometricdiffusion,
      title={Spacetime symmetries and and geometric diffusion}, 
      author={Marc Basquens and Antonio Lasanta and Emanuel Mompó and Valle Varo and Eduardo J. S. Villaseñor},
      year={2024},
      eprint={2403.12270},
      archivePrefix={arXiv},
      primaryClass={gr-qc},
      url={https://arxiv.org/abs/2403.12270}, 
}

@misc{nadler2023growinggalaxiesmergertrees,
      title={Growing the First Galaxies' Merger Trees}, 
      author={Ethan O. Nadler and Andrew Benson and Trey Driskell and Xiaolong Du and Vera Gluscevic},
      year={2023},
      eprint={2212.08584},
      archivePrefix={arXiv},
      primaryClass={astro-ph.GA},
      doi={https://doi.org/10.1093/mnras/stad666},
      url={https://arxiv.org/abs/2212.08584}, 
}

@misc{jespersen2022textttmangrovelearninggalaxyproperties,
      title={$\texttt{Mangrove}$: Learning Galaxy Properties from Merger Trees}, 
      author={Christian Kragh Jespersen and Miles Cranmer and Peter Melchior and Shirley Ho and Rachel S. Somerville and Austen Gabrielpillai},
      year={2022},
      eprint={2210.13473},
      archivePrefix={arXiv},
      primaryClass={astro-ph.GA},
      doi={https://doi.org/10.3847/1538-4357/ac9b18},
      url={https://arxiv.org/abs/2210.13473}, 
}

@misc{chandrogómez2025accuracydarkmatterhalo,
      title={On the accuracy of dark matter halo merger trees and the consequences for semi-analytic models of galaxy formation}, 
      author={Ángel Chandro-Gómez and Claudia del P. Lagos and Chris Power and Victor J. Forouhar Moreno and John C. Helly and Cedric G. Lacey and Robert J. McGibbon and Matthieu Schaller and Joop Schaye},
      year={2025},
      eprint={2501.07677},
      archivePrefix={arXiv},
      primaryClass={astro-ph.GA},
      doi={https://doi.org/10.1093/mnras/staf519},
      url={https://arxiv.org/abs/2501.07677}, 
}

@misc{jung2024mergertreebasedgalaxymatching,
      title={Merger Tree-based Galaxy Matching: A Comparative Study Across Different Resolutions}, 
      author={Minyong Jung and Ji-hoon Kim and Boon Kiat Oh and Sungwook E. Hong and Jaehyun Lee and Juhan Kim},
      year={2024},
      eprint={2312.02466},
      archivePrefix={arXiv},
      primaryClass={astro-ph.GA},
      doi={https://doi.org/10.3847/1538-4357/ad34d1},
      url={https://arxiv.org/abs/2312.02466}, 
}

@misc{elahi2019climbinghalomergertrees,
      title={Climbing Halo Merger Trees with TreeFrog}, 
      author={Pascal J. Elahi and Rhys J. J. Poulton and Rodrigo J. Tobar and Rodrigo Canas and Claudia del P. Lagos and Chris Power and Aaron S. G. Robotham},
      year={2019},
      eprint={1902.01527},
      archivePrefix={arXiv},
      primaryClass={astro-ph.IM},
      doi={https://doi.org/10.1017/pasa.2019.18},
      url={https://arxiv.org/abs/1902.01527}, 
}

@misc{casado2024multimodalphotometryspectroscopynew,
      title={Multimodal photometry and spectroscopy: a new approach to data analysis in Astrophysics}, 
      author={Johanna Casado and Beatriz García},
      year={2024},
      eprint={2404.17720},
      archivePrefix={arXiv},
      primaryClass={astro-ph.IM},
      url={https://arxiv.org/abs/2404.17720}, 
}

@misc{sun2024knowledgegraphastronomicalresearch,
      title={Knowledge Graph in Astronomical Research with Large Language Models: Quantifying Driving Forces in Interdisciplinary Scientific Discovery}, 
      author={Zechang Sun and Yuan-Sen Ting and Yaobo Liang and Nan Duan and Song Huang and Zheng Cai},
      year={2024},
      eprint={2406.01391},
      archivePrefix={arXiv},
      primaryClass={astro-ph.IM},
      url={https://arxiv.org/abs/2406.01391}, 
}

@misc{patel2017standardfitstemplatesimulated,
      title={Standard FITS template for simulated astrophysical scenes with the WFIRST coronagraph}, 
      author={Rahul Patel and Rafael Millan-Gabet and John Krist and Charles Beichman},
      year={2017},
      eprint={1706.02749},
      archivePrefix={arXiv},
      primaryClass={astro-ph.IM},
      url={https://arxiv.org/abs/1706.02749}, 
}

@misc{zheng2024developingautomateddetectiontracking,
      title={Developing an Automated Detection, Tracking and Analysis Method for Solar Filaments Observed by CHASE via Machine Learning}, 
      author={Z. Zheng and Q. Hao and Y. Qiu and J. Hong and C. Li and M. D. Ding},
      year={2024},
      eprint={2402.14209},
      archivePrefix={arXiv},
      primaryClass={astro-ph.SR},
      url={https://arxiv.org/abs/2402.14209}, 
}

@misc{ma2025characterizingdarkmattersubhalo,
      title={Towards characterizing dark matter subhalo perturbations in stellar streams with graph neural networks}, 
      author={Peter Xiangyuan Ma and Keir K. Rogers and Ting S. Li and Renée Hložek and Jeremy Webb and Ruth Huang and Julian Meunier},
      year={2025},
      eprint={2502.03522},
      archivePrefix={arXiv},
      primaryClass={astro-ph.GA},
      url={https://arxiv.org/abs/2502.03522}, 
}

@misc{villaescusanavarro2021camelsprojectcosmologyastrophysics,
      title={The CAMELS project: Cosmology and Astrophysics with MachinE Learning Simulations}, 
      author={Francisco Villaescusa-Navarro and Daniel Anglés-Alcázar and Shy Genel and David N. Spergel and Rachel S. Somerville and Romeel Dave and Annalisa Pillepich and Lars Hernquist and Dylan Nelson and Paul Torrey and Desika Narayanan and Yin Li and Oliver Philcox and Valentina La Torre and Ana Maria Delgado and Shirley Ho and Sultan Hassan and Blakesley Burkhart and Digvijay Wadekar and Nicholas Battaglia and Gabriella Contardo and Greg L. Bryan},
      year={2021},
      eprint={2010.00619},
      archivePrefix={arXiv},
      primaryClass={astro-ph.CO},
      doi={https://doi.org/10.3847/1538-4357/abf7ba},
      url={https://arxiv.org/abs/2010.00619}, 
}

@misc{shen2025aemulusnuprecisionhalo,
      title={Aemulus $\nu$: Precision halo mass functions in w$\nu$CDM cosmologies}, 
      author={Delon Shen and Nickolas Kokron and Joseph DeRose and Jeremy Tinker and Risa H. Wechsler and Arka Banerjee and the Aemulus Collaboration},
      year={2025},
      eprint={2410.00913},
      archivePrefix={arXiv},
      primaryClass={astro-ph.CO},
      doi={https://doi.org/10.1088/1475-7516/2025/03/056},
      url={https://arxiv.org/abs/2410.00913}, 
}

@misc{balla2024cosmicscalebenchmarksymmetrypreservingdata,
      title={A Cosmic-Scale Benchmark for Symmetry-Preserving Data Processing}, 
      author={Julia Balla and Siddharth Mishra-Sharma and Carolina Cuesta-Lazaro and Tommi Jaakkola and Tess Smidt},
      year={2024},
      eprint={2410.20516},
      archivePrefix={arXiv},
      primaryClass={cs.LG},
      url={https://arxiv.org/abs/2410.20516}, 
}

@misc{makinen2024hybridsummarystatistics,
      title={Hybrid Summary Statistics}, 
      author={T. Lucas Makinen and Ce Sui and Benjamin D. Wandelt and Natalia Porqueres and Alan Heavens},
      year={2024},
      eprint={2410.07548},
      archivePrefix={arXiv},
      primaryClass={stat.ML},
      url={https://arxiv.org/abs/2410.07548}, 
}

@misc{steiner2009pcatomographyextractinformation,
      title={PCA Tomography: how to extract information from datacubes}, 
      author={J. E. Steiner and R. B. Menezes and T. V. Ricci and A. S. Oliveira},
      year={2009},
      eprint={0901.2266},
      archivePrefix={arXiv},
      primaryClass={astro-ph.IM},
      doi={https://doi.org/10.1111/j.1365-2966.2009.14530.x},
      url={https://arxiv.org/abs/0901.2266}, 
}

@misc{dillmann2025representationlearningtimedomainhighenergy,
      title={Representation Learning for Time-Domain High-Energy Astrophysics: Discovery of Extragalactic Fast X-ray Transient XRT 200515}, 
      author={Steven Dillmann and Juan Rafael Martínez-Galarza and Roberto Soria and Rosanne Di Stefano and Vinay L. Kashyap},
      year={2025},
      eprint={2412.01150},
      archivePrefix={arXiv},
      primaryClass={astro-ph.HE},
      doi={https://doi.org/10.1093/mnras/stae2808},
      url={https://arxiv.org/abs/2412.01150}, 
}

@misc{yun2023pcafilteringmethodunbiased,
      title={The PCA Filtering method for an unbiased spectral survey of Complex Organic Molecules (COMs)}, 
      author={Hyeong-Sik Yun and Jeong-Eun Lee},
      year={2023},
      eprint={2309.09015},
      archivePrefix={arXiv},
      primaryClass={astro-ph.GA},
      url={https://arxiv.org/abs/2309.09015}, 
}

@misc{gewers2018principalcomponentanalysisnatural,
      title={Principal Component Analysis: A Natural Approach to Data Exploration}, 
      author={Felipe L. Gewers and Gustavo R. Ferreira and Henrique F. de Arruda and Filipi N. Silva and Cesar H. Comin and Diego R. Amancio and Luciano da F. Costa},
      year={2018},
      eprint={1804.02502},
      archivePrefix={arXiv},
      primaryClass={cs.CE},
      doi={https://doi.org/10.1145/3447755},
      url={https://arxiv.org/abs/1804.02502}, 
}

@misc{kuiper2025representationlearningfastradio,
      title={Representation learning for fast radio burst dynamic spectra}, 
      author={Dirk Kuiper and Gabriella Contardo and Daniela Huppenkothen and Jason W. T. Hessels},
      year={2025},
      eprint={2412.12394},
      archivePrefix={arXiv},
      primaryClass={astro-ph.HE},
      url={https://arxiv.org/abs/2412.12394}, 
}

@misc{huppenkothen2023constructingimpactfulmachinelearning,
      title={Constructing Impactful Machine Learning Research for Astronomy: Best Practices for Researchers and Reviewers}, 
      author={D. Huppenkothen and M. Ntampaka and M. Ho and M. Fouesneau and B. Nord and J. E. G. Peek and M. Walmsley and J. F. Wu and C. Avestruz and T. Buck and M. Brescia and D. P. Finkbeiner and A. D. Goulding and T. Kacprzak and P. Melchior and M. Pasquato and N. Ramachandra and Y. -S. Ting and G. van de Ven and S. Villar and V. A. Villar and E. Zinger},
      year={2023},
      eprint={2310.12528},
      archivePrefix={arXiv},
      primaryClass={astro-ph.IM},
      url={https://arxiv.org/abs/2310.12528}, 
}

@misc{mishrasharma2024paperclipassociatingastronomicalobservations,
      title={PAPERCLIP: Associating Astronomical Observations and Natural Language with Multi-Modal Models}, 
      author={Siddharth Mishra-Sharma and Yiding Song and Jesse Thaler},
      year={2024},
      eprint={2403.08851},
      archivePrefix={arXiv},
      primaryClass={astro-ph.IM},
      url={https://arxiv.org/abs/2403.08851}, 
}

@misc{narkedimilli2024predictingstellarmetallicitycomparative,
      title={Predicting Stellar Metallicity: A Comparative Analysis of Regression Models for Solar Twin Stars}, 
      author={Sathwik Narkedimilli and Satvik Raghav and Sujith Makam and Prasanth Ayitapu and Aswath Babu H},
      year={2024},
      eprint={2410.06709},
      archivePrefix={arXiv},
      primaryClass={astro-ph.SR},
      url={https://arxiv.org/abs/2410.06709}, 
}

@misc{raghav2024photometricanalysispredictingstar,
      title={Photometric Analysis for Predicting Star Formation Rates in Large Galaxies Using Machine Learning and Deep Learning Techniques}, 
      author={Satvik Raghav and Prasanth Ayitapu and Sathwik Narkedimilli and Sujith Makam and Aswath Babu H},
      year={2024},
      eprint={2410.06736},
      archivePrefix={arXiv},
      primaryClass={astro-ph.GA},
      url={https://arxiv.org/abs/2410.06736}, 
}

@misc{charles2024mitigatingcalibrationerrorsmutual,
      title={Mitigating calibration errors from mutual coupling with time-domain filtering of 21 cm cosmological radio observations}, 
      author={N. Charles and N. S. Kern and R. Pascua and G. Bernardi and L. Bester and O. Smirnov and E. d. L. Acedo and Z. Abdurashidova and T. Adams and J. E. Aguirre and R. Baartman and A. P. Beardsley and L. M. Berkhout and T. S. Billings and J. D. Bowman and P. Bull and J. Burba and R. Byrne and S. Carey and K. Chen and S. Choudhuri and T. Cox and D. R. DeBoer and M. Dexter and J. S. Dillon and S. Dynes and N. Eksteen and J. Ely and A. Ewall-Wice and R. Fritz and S. R. Furlanetto and K. Gale-Sides and H. Garsden and B. K. Gehlot and A. Ghosh and A. Gorce and D. Gorthi and Z. Halday and B. J. Hazelton and J. N. Hewitt and J. Hickish and T. Huang and D. C. Jacobs and A. Josaitis and J. Kerrigan and P. Kittiwisit and M. Kolopanis and A. Lanman and A. Liu and Y. -Z. Ma and D. H. E. MacMahon and L. Malan and K. Malgas and C. Malgas and B. Marero and Z. E. Martinot and L. McBride and A. Mesinger and N. Mohamed-Hinds and M. Molewa and M. F. Morales and S. Murray and B. Nikolic and H. Nuwegeld and A. R. Parsons and N. Patra and P. L. Plante and Y. Qin and E. Rath and N. Razavi-Ghods and D. Riley and J. Robnett and K. Rosie and M. G. Santos and P. Sims and S. Singh and D. Storer and H. Swarts and J. Tan and M. J. Wilensky and P. K. G. Williams and P. v. Wyngaarden and H. Zheng},
      year={2024},
      eprint={2407.20923},
      archivePrefix={arXiv},
      primaryClass={astro-ph.IM},
      url={https://arxiv.org/abs/2407.20923}, 
}

@misc{pandya2025siddasinkhorndynamicdomain,
      title={SIDDA: SInkhorn Dynamic Domain Adaptation for Image Classification with Equivariant Neural Networks}, 
      author={Sneh Pandya and Purvik Patel and Brian D. Nord and Mike Walmsley and Aleksandra Ćiprijanović},
      year={2025},
      eprint={2501.14048},
      archivePrefix={arXiv},
      primaryClass={cs.LG},
      url={https://arxiv.org/abs/2501.14048}, 
}

@misc{hall2017systematiccalibrationerrorrequirements,
      title={Systematic calibration error requirements for gravitational-wave detectors via the Cram\'{e}r-Rao bound}, 
      author={Evan D. Hall and Craig Cahillane and Kiwamu Izumi and Rory J. E. Smith and Rana X Adhikari},
      year={2017},
      eprint={1712.09719},
      archivePrefix={arXiv},
      primaryClass={astro-ph.IM},
      doi={https://doi.org/10.1088/1361-6382/ab368c},
      url={https://arxiv.org/abs/1712.09719}, 
}

@misc{huang2025impactcalibrationuncertaintieshubble,
      title={Impact of calibration uncertainties on Hubble constant measurements from gravitational-wave sources}, 
      author={Yiwen Huang and Hsin-Yu Chen and Carl-Johan Haster and Ling Sun and Salvatore Vitale and Jeffrey S. Kissel},
      year={2025},
      eprint={2204.03614},
      archivePrefix={arXiv},
      primaryClass={gr-qc},
      doi={https://doi.org/10.1103/PhysRevD.111.063034},
      url={https://arxiv.org/abs/2204.03614}, 
}

@misc{essick2022calibrationuncertaintysimpactgravitationalwave,
      title={Calibration Uncertainty's Impact on Gravitational-Wave Observations}, 
      author={Reed Essick},
      year={2022},
      eprint={2202.00823},
      archivePrefix={arXiv},
      primaryClass={astro-ph.IM},
      doi={https://doi.org/10.1103/PhysRevD.105.082002},
      url={https://arxiv.org/abs/2202.00823}, 
}

@misc{knebe2015niftycosmologycomparisongalaxy,
      title={nIFTy Cosmology: Comparison of Galaxy Formation Models}, 
      author={Alexander Knebe and Frazer R. Pearce and Peter A. Thomas and Andrew Benson and Jeremy Blaizot and Richard Bower and Jorge Carretero and Francisco J. Castander and Andrea Cattaneo and Sofia A. Cora and Darren J. Croton and Weiguang Cui and Daniel Cunnama and Gabriella De Lucia and Julien E. Devriendt and Pascal J. Elahi and Andreea Font and Fabio Fontanot and Juan Garcia-Bellido and Ignacio D. Gargiulo and Violeta Gonzalez-Perez and John Helly and Bruno Henriques and Michaela Hirschmann and Jaehyun Lee and Gary A. Mamon and Pierluigi Monaco and Julian Onions and Nelson D. Padilla and Chris Power and Arnau Pujol and Ramin A. Skibba and Rachel S. Somerville and Chaichalit Srisawat and Cristian A. Vega-Martinez and Sukyoung K. Yi},
      year={2015},
      eprint={1505.04607},
      archivePrefix={arXiv},
      primaryClass={astro-ph.GA},
      url={https://arxiv.org/abs/1505.04607}, 
}

@misc{pan2024astromlab2astrollama270bmodel,
      title={AstroMLab 2: AstroLLaMA-2-70B Model and Benchmarking Specialised LLMs for Astronomy}, 
      author={Rui Pan and Tuan Dung Nguyen and Hardik Arora and Alberto Accomazzi and Tirthankar Ghosal and Yuan-Sen Ting},
      year={2024},
      eprint={2409.19750},
      archivePrefix={arXiv},
      primaryClass={astro-ph.IM},
      url={https://arxiv.org/abs/2409.19750}, 
}

@misc{nagarajan2025realisticpredictionsgaiablack,
      title={Realistic predictions for Gaia black hole discoveries: comparison of isolated binary and dynamical formation models}, 
      author={Pranav Nagarajan and Kareem El-Badry and Chirag Chawla and Ugo Niccolò Di Carlo and Katelyn Breivik and Carl L. Rodriguez and Poojan Agrawal and Vera Delfavero and Sourav Chatterjee},
      year={2025},
      eprint={2502.03527},
      archivePrefix={arXiv},
      primaryClass={astro-ph.GA},
      url={https://arxiv.org/abs/2502.03527}, 
}

@misc{lastufka2025visionfoundationmodelsapplied,
      title={Vision foundation models: can they be applied to astrophysics data?}, 
      author={E. Lastufka and M. Drozdova and V. Kinakh and S. Voloshynovskyy},
      year={2025},
      eprint={2409.11175},
      archivePrefix={arXiv},
      primaryClass={astro-ph.IM},
      url={https://arxiv.org/abs/2409.11175}, 
}

@misc{dehaan2025astromlab3achievinggpt4o,
      title={AstroMLab 3: Achieving GPT-4o Level Performance in Astronomy with a Specialized 8B-Parameter Large Language Model}, 
      author={Tijmen de Haan and Yuan-Sen Ting and Tirthankar Ghosal and Tuan Dung Nguyen and Alberto Accomazzi and Azton Wells and Nesar Ramachandra and Rui Pan and Zechang Sun},
      year={2025},
      eprint={2411.09012},
      archivePrefix={arXiv},
      primaryClass={astro-ph.IM},
      doi={https://doi.org/10.1038/s41598-025-97131-y},
      url={https://arxiv.org/abs/2411.09012}, 
}

@misc{akhmetali2025luminisstellarumetmachina,
      title={Luminis Stellarum et Machina: Applications of Machine Learning in Light Curve Analysis}, 
      author={Almat Akhmetali and Alisher Zhunuskanov and Aknur Sakan and Marat Zaidyn and Timur Namazbayev and Dana Turlykozhayeva and Nurzhan Ussipov},
      year={2025},
      eprint={2504.10038},
      archivePrefix={arXiv},
      primaryClass={astro-ph.IM},
      url={https://arxiv.org/abs/2504.10038}, 
}

@misc{sedaghat2022machineslearninferstellar,
      title={Machines Learn to Infer Stellar Parameters Just by Looking at a Large Number of Spectra}, 
      author={Nima Sedaghat and Martino Romaniello and Jonathan E. Carrick and François-Xavier Pineau},
      year={2022},
      eprint={2009.12872},
      archivePrefix={arXiv},
      primaryClass={astro-ph.IM},
      doi={https://doi.org/10.1093/mnras/staa3540},
      url={https://arxiv.org/abs/2009.12872}, 
}

@misc{soo2023machinelearningapplicationsastrophysics,
      title={Machine learning applications in astrophysics: Photometric redshift estimation}, 
      author={John Y. H. Soo and Ishaq Y. K. Alshuaili and Imdad Mahmud Pathi},
      year={2023},
      eprint={2312.09813},
      archivePrefix={arXiv},
      primaryClass={astro-ph.IM},
      doi={https://doi.org/10.1063/5.0140152},
      url={https://arxiv.org/abs/2312.09813}, 
}

@misc{jagvaral2024geometricdeeplearninggalaxyhalo,
      title={Geometric deep learning for galaxy-halo connection: a case study for galaxy intrinsic alignments}, 
      author={Yesukhei Jagvaral and Francois Lanusse and Rachel Mandelbaum},
      year={2024},
      eprint={2409.18761},
      archivePrefix={arXiv},
      primaryClass={astro-ph.GA},
      url={https://arxiv.org/abs/2409.18761}, 
}

@misc{belfiore2025machinelearninggaprealsimulated,
      title={Machine-learning the gap between real and simulated nebulae: A domain-adaptation approach to classify ionised nebulae in nearby galaxies}, 
      author={Francesco Belfiore and Michele Ginolfi and Guillermo Blanc and Mederic Boquien and Melanie Chevance and Enrico Congiu and Simon C. O. Glover and Brent Groves and Ralf S. Klessen and Eduardo Méndez-Delgado and Thomas G. Williams},
      year={2025},
      eprint={2410.16370},
      archivePrefix={arXiv},
      primaryClass={astro-ph.GA},
      url={https://arxiv.org/abs/2410.16370}, 
}

@misc{adams2023cosmicmicrowavebackgroundrecovery,
      title={Cosmic Microwave Background Recovery: A Graph-Based Bayesian Convolutional Network Approach}, 
      author={Jadie Adams and Steven Lu and Krzysztof M. Gorski and Graca Rocha and Kiri L. Wagstaff},
      year={2023},
      eprint={2302.12378},
      archivePrefix={arXiv},
      primaryClass={cs.LG},
      url={https://arxiv.org/abs/2302.12378}, 
}

@misc{glombitza2023applicationgraphnetworksbackground,
      title={Application of Graph Networks to background rejection in Imaging Air Cherenkov Telescopes}, 
      author={Jonas Glombitza and Vikas Joshi and Benedetta Bruno and Stefan Funk},
      year={2023},
      eprint={2305.08674},
      archivePrefix={arXiv},
      primaryClass={astro-ph.IM},
      doi={https://doi.org/10.1088/1475-7516/2023/11/008},
      url={https://arxiv.org/abs/2305.08674}, 
}

@misc{zhong2024improvingconvolutionalneuralnetworks,
      title={Improving Convolutional Neural Networks for Cosmological Fields with Random Permutation}, 
      author={Kunhao Zhong and Marco Gatti and Bhuvnesh Jain},
      year={2024},
      eprint={2403.01368},
      archivePrefix={arXiv},
      primaryClass={astro-ph.CO},
      url={https://arxiv.org/abs/2403.01368}, 
}

@misc{bister2020identificationpatternscosmicrayarrival,
      title={Identification of Patterns in Cosmic-Ray Arrival Directions using Dynamic Graph Convolutional Neural Networks}, 
      author={Teresa Bister and Martin Erdmann and Jonas Glombitza and Niklas Langner and Josina Schulte and Marcus Wirtz},
      year={2020},
      eprint={2003.13038},
      archivePrefix={arXiv},
      primaryClass={astro-ph.HE},
      doi={https://doi.org/10.1016/j.astropartphys.2020.102527},
      url={https://arxiv.org/abs/2003.13038}, 
}

@misc{kvasiuk2024reconstructioncontinuouscosmologicalfields,
      title={Reconstruction of Continuous Cosmological Fields from Discrete Tracers with Graph Neural Networks}, 
      author={Yurii Kvasiuk and Jordan Krywonos and Matthew C. Johnson and Moritz Münchmeyer},
      year={2024},
      eprint={2411.02496},
      archivePrefix={arXiv},
      primaryClass={astro-ph.CO},
      url={https://arxiv.org/abs/2411.02496}, 
}
